<?xml version="1.0" ?><OAI-PMH xmlns="http://www.openarchives.org/OAI/2.0/" xmlns:xsi="http://www.w3.org/2001/XMLSchema-instance" xsi:schemaLocation="http://www.openarchives.org/OAI/2.0/ http://www.openarchives.org/OAI/2.0/OAI-PMH.xsd">
  <responseDate>2024-11-20T18:26:03Z</responseDate>
  <request resumptionToken="1900-01-01@all@UNIGE_ALL@marc21@5986549260005502" verb="ListRecords">https://slsp-unige.alma.exlibrisgroup.com/view/oai/41SLSP_UGE/request</request>
<ListRecords><record><header><identifier>oai:alma.41SLSP_UGE:991000787299705502</identifier><datestamp>2023-04-08T00:18:13Z</datestamp><setSpec>uge_bcen_RapidILL_BOOK</setSpec><setSpec>uge_aaca_RapidILL_BOOK</setSpec><setSpec>uge_abels_RapidILL_BOOK</setSpec><setSpec>uge_dbu_RapidILL_BOOK</setSpec><setSpec>uge_cmu_RapidILL_BOOK</setSpec><setSpec>uge_mail_RapidILL_BOOK</setSpec><setSpec>uge_abbat_RapidILL_BOOK</setSpec><setSpec>UNIGE_ALL</setSpec><setSpec>uge_aobs_RapidILL_BOOK</setSpec><setSpec>uge_acar_RapidILL_BOOK</setSpec></header><metadata>
<record xmlns="http://www.loc.gov/MARC21/slim" xmlns:xsi="http://www.w3.org/2001/XMLSchema-instance" xsi:schemaLocation="http://www.loc.gov/MARC21/slim http://www.loc.gov/standards/marcxml/schema/MARC21slim.xsd"><leader>01392nam a2200373 c 4500</leader><controlfield tag="001">991000787299705502</controlfield><controlfield tag="005">20230406192834.0</controlfield><controlfield tag="008">201012s1992    xxc||||| |||| 00| ||fre d</controlfield><datafield ind1=" " ind2=" " tag="020"><subfield code="a">2763772986</subfield></datafield><datafield ind1="7" ind2=" " tag="024"><subfield code="a">http://catalogue.bnf.fr/ark:/12148/cb36663765q</subfield><subfield code="2">uri</subfield></datafield><datafield ind1=" " ind2=" " tag="035"><subfield code="a">(swissbib)238534669-41slsp_network</subfield></datafield><datafield ind1=" " ind2=" " tag="035"><subfield code="a">238534669</subfield><subfield code="9">ExL</subfield></datafield><datafield ind1=" " ind2=" " tag="035"><subfield code="a">(RERO)R218564760-41slsp</subfield></datafield><datafield ind1=" " ind2=" " tag="035"><subfield code="a">(NEBIS)008055352EBI01</subfield></datafield><datafield ind1=" " ind2=" " tag="035"><subfield code="a">(EXLNZ-41SLSP_NETWORK)991142784199705501</subfield></datafield><datafield ind1=" " ind2=" " tag="040"><subfield code="a">RERO geuhim</subfield><subfield code="d">CH-ZuSLS</subfield></datafield><datafield ind1=" " ind2="7" tag="072"><subfield code="a">bi</subfield><subfield code="2">rero</subfield></datafield><datafield ind1="0" ind2="0" tag="245"><subfield code="a">&lt;&lt;Le&gt;&gt; génome humain</subfield><subfield code="b">une responsabilité scientifique et sociale</subfield><subfield code="c">sous la dir. de Marcel J. Mélançon et Raymond D. Lambert</subfield></datafield><datafield ind1=" " ind2="1" tag="264"><subfield code="a">Sainte-Foy</subfield><subfield code="b">Presses de l'Université Laval</subfield><subfield code="c">1992</subfield></datafield><datafield ind1=" " ind2=" " tag="300"><subfield code="a">176 S.</subfield><subfield code="b">Ill.</subfield></datafield><datafield ind1=" " ind2=" " tag="336"><subfield code="b">txt</subfield><subfield code="2">rdacontent</subfield></datafield><datafield ind1=" " ind2=" " tag="337"><subfield code="b">n</subfield><subfield code="2">rdamedia</subfield></datafield><datafield ind1=" " ind2=" " tag="338"><subfield code="b">nc</subfield><subfield code="2">rdacarrier</subfield></datafield><datafield ind1=" " ind2=" " tag="500"><subfield code="a">Actes d'un colloque tenu dans le cadre du congrès de l'ACFAS, Sherbrooke, 1991</subfield></datafield><datafield ind1=" " ind2="2" tag="650"><subfield code="a">Human Genome Project</subfield></datafield><datafield ind1=" " ind2="7" tag="650"><subfield code="a">Génétique médicale</subfield><subfield code="0">(IDREF)027368858</subfield><subfield code="2">idref</subfield></datafield><datafield ind1=" " ind2="7" tag="650"><subfield code="a">Génome humain</subfield><subfield code="0">(IDREF)033308659</subfield><subfield code="2">idref</subfield></datafield><datafield ind1=" " ind2="7" tag="650"><subfield code="a">Bioéthique</subfield><subfield code="0">(IDREF)027576124</subfield><subfield code="2">idref</subfield></datafield><datafield ind1=" " ind2="2" tag="655"><subfield code="a">Congress</subfield></datafield><datafield ind1=" " ind2="7" tag="655"><subfield code="a">Actes de congrès</subfield><subfield code="0">(IDREF)02886431X</subfield><subfield code="2">idref</subfield></datafield><datafield ind1=" " ind2=" " tag="690"><subfield code="a">Genetik</subfield><subfield code="2">uzb-UH</subfield></datafield><datafield ind1=" " ind2=" " tag="690"><subfield code="a">Genforschung</subfield><subfield code="2">uzb-UH</subfield></datafield><datafield ind1="1" ind2=" " tag="700"><subfield code="a">Mélançon, Marcel J.</subfield><subfield code="d">1938-</subfield><subfield code="0">(IDREF)031991939</subfield></datafield><datafield ind1="1" ind2=" " tag="700"><subfield code="a">Lambert, Raymond D.</subfield><subfield code="0">(IDREF)031991971</subfield></datafield><datafield ind1=" " ind2=" " tag="900"><subfield code="a">REROnoselfmerge</subfield></datafield></record>
</metadata></record>