<record><header><identifier>oai:alma.41SLSP_UGE:991000787519705502</identifier><datestamp>2023-05-23T00:14:00Z</datestamp><setSpec>uge_bcen_RapidILL_BOOK</setSpec><setSpec>uge_aaca_RapidILL_BOOK</setSpec><setSpec>uge_abels_RapidILL_BOOK</setSpec><setSpec>uge_dbu_RapidILL_BOOK</setSpec><setSpec>uge_cmu_RapidILL_BOOK</setSpec><setSpec>uge_mail_RapidILL_BOOK</setSpec><setSpec>uge_abbat_RapidILL_BOOK</setSpec><setSpec>UNIGE_ALL</setSpec><setSpec>uge_acar_RapidILL_BOOK</setSpec><setSpec>uge_aobs_RapidILL_BOOK</setSpec></header><metadata>
<record xmlns="http://www.loc.gov/MARC21/slim" xmlns:xsi="http://www.w3.org/2001/XMLSchema-instance" xsi:schemaLocation="http://www.loc.gov/MARC21/slim http://www.loc.gov/standards/marcxml/schema/MARC21slim.xsd"><leader>02746nam a22006857c 4500</leader><controlfield tag="001">991000787519705502</controlfield><controlfield tag="005">20230516183311.0</controlfield><controlfield tag="008">201011s2012    au ||||| m||| 00| ||ger d</controlfield><datafield ind1=" " ind2=" " tag="015"><subfield code="a">12,A29</subfield><subfield code="z">12,N15</subfield><subfield code="2">dnb</subfield></datafield><datafield ind1=" " ind2=" " tag="020"><subfield code="a">9783851610499</subfield></datafield><datafield ind1=" " ind2=" " tag="020"><subfield code="a">3851610490</subfield></datafield><datafield ind1=" " ind2=" " tag="035"><subfield code="a">(swissbib)223279757-41slsp_network</subfield></datafield><datafield ind1=" " ind2=" " tag="035"><subfield code="a">223279757</subfield><subfield code="9">ExL</subfield></datafield><datafield ind1=" " ind2=" " tag="035"><subfield code="a">(RERO)R007109202-41slsp</subfield></datafield><datafield ind1=" " ind2=" " tag="035"><subfield code="a">(IDSBB)006127438DSV01</subfield></datafield><datafield ind1=" " ind2=" " tag="035"><subfield code="a">(NEBIS)007355158EBI01</subfield></datafield><datafield ind1=" " ind2=" " tag="035"><subfield code="a">(OCoLC)800597760</subfield></datafield><datafield ind1=" " ind2=" " tag="035"><subfield code="a">(EXLNZ-41SLSP_NETWORK)991034800269705501</subfield></datafield><datafield ind1=" " ind2=" " tag="040"><subfield code="a">RERO geulsa</subfield><subfield code="d">CH-ZuSLS</subfield></datafield><datafield ind1=" " ind2=" " tag="050"><subfield code="a">DS156.L55</subfield><subfield code="b">K933 2012</subfield></datafield><datafield ind1=" " ind2="7" tag="072"><subfield code="a">ar</subfield><subfield code="2">rero</subfield></datafield><datafield ind1=" " ind2="7" tag="072"><subfield code="a">ar</subfield><subfield code="2">SzZuIDS BS/BE</subfield></datafield><datafield ind1="0" ind2="4" tag="082"><subfield code="a">726.8093928</subfield><subfield code="2">22/ger</subfield></datafield><datafield ind1="0" ind2="4" tag="082"><subfield code="a">938</subfield></datafield><datafield ind1="1" ind2="4" tag="082"><subfield code="a">930</subfield><subfield code="2">15</subfield></datafield><datafield ind1=" " ind2=" " tag="084"><subfield code="a">LF 2713</subfield><subfield code="2">rvk</subfield></datafield><datafield ind1=" " ind2=" " tag="084"><subfield code="a">LG 2800</subfield><subfield code="2">rvk</subfield></datafield><datafield ind1=" " ind2=" " tag="084"><subfield code="a">720</subfield><subfield code="a">930</subfield><subfield code="2">sdnb</subfield></datafield><datafield ind1="1" ind2=" " tag="100"><subfield code="a">Kuban, Zeynep</subfield><subfield code="0">(IDREF)161246303</subfield><subfield code="4">cre</subfield></datafield><datafield ind1="1" ind2="0" tag="245"><subfield code="a">&lt;&lt;Die&gt;&gt; Nekropolen von Limyra</subfield><subfield code="b">bauhistorischen Studien zur klassischen Epoche</subfield><subfield code="c">Zeynep Kuban</subfield></datafield><datafield ind1=" " ind2="1" tag="264"><subfield code="a">Wien</subfield><subfield code="b">Phoibos</subfield><subfield code="c">2012</subfield></datafield><datafield ind1=" " ind2=" " tag="300"><subfield code="a">419 p.</subfield><subfield code="b">ill.</subfield><subfield code="e">9 pl. de plans dans un portefeuille</subfield></datafield><datafield ind1=" " ind2=" " tag="336"><subfield code="b">txt</subfield><subfield code="2">rdacontent</subfield></datafield><datafield ind1=" " ind2=" " tag="337"><subfield code="b">n</subfield><subfield code="2">rdamedia</subfield></datafield><datafield ind1=" " ind2=" " tag="338"><subfield code="b">nc</subfield><subfield code="2">rdacarrier</subfield></datafield><datafield ind1="1" ind2=" " tag="490"><subfield code="a">Forschungen in Limyra</subfield><subfield code="v">Bd. 4</subfield></datafield><datafield ind1=" " ind2=" " tag="500"><subfield code="a">Notes au bas des pages</subfield></datafield><datafield ind1=" " ind2=" " tag="502"><subfield code="a">Diss. Baugeschichte der Technischen Universität Istanbul, 1997</subfield></datafield><datafield ind1=" " ind2=" " tag="504"><subfield code="a">Bibliogr.: p. 399-406</subfield></datafield><datafield ind1=" " ind2="7" tag="650"><subfield code="a">Cimetières</subfield><subfield code="0">(IDREF)027321614</subfield><subfield code="2">idref</subfield></datafield><datafield ind1=" " ind2="7" tag="650"><subfield code="a">Monuments funéraires antiques</subfield><subfield code="0">(IDREF)032921543</subfield><subfield code="2">idref</subfield></datafield><datafield ind1=" " ind2="7" tag="650"><subfield code="a">architecture funéraire grecque antique</subfield><subfield code="0">(RERO)A021652660</subfield><subfield code="2">rerovoc</subfield></datafield><datafield ind1=" " ind2="7" tag="650"><subfield code="a">Bauforschung</subfield><subfield code="0">(DE-588)4144149-7</subfield><subfield code="2">gnd</subfield></datafield><datafield ind1=" " ind2="7" tag="650"><subfield code="a">Baukonstruktion</subfield><subfield code="0">(DE-588)4004821-4</subfield><subfield code="2">gnd</subfield></datafield><datafield ind1=" " ind2="7" tag="650"><subfield code="a">Felsengrab</subfield><subfield code="0">(DE-588)4153977-1</subfield><subfield code="2">gnd</subfield></datafield><datafield ind1=" " ind2="7" tag="650"><subfield code="a">Grabmal</subfield><subfield code="0">(DE-588)4021732-2</subfield><subfield code="2">gnd</subfield></datafield><datafield ind1=" " ind2="7" tag="650"><subfield code="a">Gräberfeld</subfield><subfield code="0">(DE-588)4071980-7</subfield><subfield code="2">gnd</subfield></datafield><datafield ind1=" " ind2="7" tag="650"><subfield code="a">Holzkonstruktion</subfield><subfield code="0">(DE-588)4160520-2</subfield><subfield code="2">gnd</subfield></datafield><datafield ind1=" " ind2="0" tag="650"><subfield code="a">Tombs</subfield><subfield code="z">Turkey</subfield><subfield code="z">Limyra (Extinct city)</subfield></datafield><datafield ind1=" " ind2="0" tag="650"><subfield code="a">Architecture</subfield><subfield code="z">Turkey</subfield><subfield code="z">Limyra (Extinct city)</subfield></datafield><datafield ind1=" " ind2="0" tag="650"><subfield code="a">Excavations (Archaeology)</subfield><subfield code="z">Turkey</subfield><subfield code="z">Limyra (Extinct city)</subfield></datafield><datafield ind1=" " ind2="7" tag="651"><subfield code="a">Limyra (ville ancienne)</subfield><subfield code="0">(IDREF)027766152</subfield><subfield code="2">idref</subfield></datafield><datafield ind1=" " ind2="7" tag="651"><subfield code="a">Limyra</subfield><subfield code="0">(DE-588)4035773-9</subfield><subfield code="2">gnd</subfield></datafield><datafield ind1=" " ind2="0" tag="651"><subfield code="a">Limyra (Extinct city)</subfield><subfield code="x">Antiquities</subfield></datafield><datafield ind1=" " ind2="0" tag="651"><subfield code="a">Turkey</subfield><subfield code="x">Antiquities</subfield></datafield><datafield ind1=" " ind2="7" tag="655"><subfield code="a">Hochschulschrift</subfield><subfield code="2">gnd-content</subfield></datafield><datafield ind1=" " ind2="7" tag="651"><subfield code="a">Grèce</subfield><subfield code="y">323-146 av. J.-C. (Époque hellénistique)</subfield><subfield code="0">(IDREF)027433706</subfield><subfield code="2">idref</subfield></datafield><datafield ind1="4" ind2=" " tag="856"><subfield code="3">Titelblatt und Inhaltsverzeichnis</subfield><subfield code="u">https://toc.library.ethz.ch/objects/pdf/z01_978-3-85161-049-9_01.pdf</subfield><subfield code="q">pdf</subfield></datafield><datafield ind1=" " ind2="0" tag="830"><subfield code="a">Forschungen in Limyra</subfield><subfield code="v">4</subfield><subfield code="w">(IDSBB)001423297DSV01</subfield></datafield><datafield ind1=" " ind2=" " tag="900"><subfield code="a">IDSZ2zbzmon201210f</subfield><subfield code="c">IDSZ2dien</subfield><subfield code="d">IDSZ2zbzswk201210g</subfield><subfield code="e">IDSZ2schu</subfield></datafield><datafield ind1=" " ind2=" " tag="949"><subfield code="a">https://toc.library.ethz.ch/objects/pdf/z01_978-3-85161-049-9_01.pdf</subfield></datafield></record>
</metadata></record>