<record><header><identifier>oai:alma.41SLSP_UGE:991000787289705502</identifier><datestamp>2024-04-12T00:17:46Z</datestamp><setSpec>uge_bcen_RapidILL_BOOK</setSpec><setSpec>uge_aaca_RapidILL_BOOK</setSpec><setSpec>uge_abels_RapidILL_BOOK</setSpec><setSpec>uge_dbu_RapidILL_BOOK</setSpec><setSpec>uge_cmu_RapidILL_BOOK</setSpec><setSpec>uge_mail_RapidILL_BOOK</setSpec><setSpec>uge_abbat_RapidILL_BOOK</setSpec><setSpec>UNIGE_ALL</setSpec><setSpec>uge_acar_RapidILL_BOOK</setSpec><setSpec>uge_aobs_RapidILL_BOOK</setSpec></header><metadata>
<record xmlns="http://www.loc.gov/MARC21/slim" xmlns:xsi="http://www.w3.org/2001/XMLSchema-instance" xsi:schemaLocation="http://www.loc.gov/MARC21/slim http://www.loc.gov/standards/marcxml/schema/MARC21slim.xsd"><leader>01649nam a2200493 c 4500</leader><controlfield tag="001">991000787289705502</controlfield><controlfield tag="005">20230223203026.0</controlfield><controlfield tag="008">201011s1978    gw ||||| |||| 00| ||ger d</controlfield><datafield ind1=" " ind2=" " tag="020"><subfield code="c">DM 34.-.</subfield></datafield><datafield ind1=" " ind2=" " tag="020"><subfield code="z">3451020714</subfield></datafield><datafield ind1=" " ind2=" " tag="035"><subfield code="a">(swissbib)223082236-41slsp_network</subfield></datafield><datafield ind1=" " ind2=" " tag="035"><subfield code="a">223082236</subfield><subfield code="9">ExL</subfield></datafield><datafield ind1=" " ind2=" " tag="035"><subfield code="a">(RERO)0729156-41slsp</subfield></datafield><datafield ind1=" " ind2=" " tag="035"><subfield code="a">(IDSBB)004071737DSV01</subfield></datafield><datafield ind1=" " ind2=" " tag="035"><subfield code="a">(IDSLU)000164550ILU01</subfield></datafield><datafield ind1=" " ind2=" " tag="035"><subfield code="a">(NEBIS)009014767EBI01</subfield></datafield><datafield ind1=" " ind2=" " tag="035"><subfield code="a">(SLB)vtls000514981</subfield></datafield><datafield ind1=" " ind2=" " tag="035"><subfield code="a">(EXLNZ-41SLSP_NETWORK)991050015039705501</subfield></datafield><datafield ind1=" " ind2=" " tag="040"><subfield code="a">RERO labcud</subfield><subfield code="d">CH-ZuSLS</subfield></datafield><datafield ind1=" " ind2=" " tag="044"><subfield code="a">gw</subfield><subfield code="a">sz</subfield></datafield><datafield ind1=" " ind2="7" tag="072"><subfield code="a">th</subfield><subfield code="2">rero</subfield></datafield><datafield ind1=" " ind2="7" tag="072"><subfield code="a">740</subfield><subfield code="2">IDS LU</subfield></datafield><datafield ind1="1" ind2=" " tag="100"><subfield code="a">Greshake, Gisbert</subfield><subfield code="d">1933-</subfield><subfield code="0">(DE-588)118818236</subfield><subfield code="6">880-01</subfield></datafield><datafield ind1="1" ind2=" " tag="880"><subfield code="a">Greshake, Gisbert</subfield><subfield code="0">(RERO)A003318951</subfield><subfield code="4">cre</subfield><subfield code="6">100-01</subfield></datafield><datafield ind1="1" ind2="0" tag="245"><subfield code="a">Naherwartung, Auferstehung, Unsterblichkeit</subfield><subfield code="b">Untersuchungen zur christlichen Eschatologie</subfield><subfield code="c">Gisbert Greshake, Gerhard Lohfink</subfield></datafield><datafield ind1=" " ind2=" " tag="250"><subfield code="a">[3., erw. Aufl.]</subfield></datafield><datafield ind1=" " ind2="1" tag="264"><subfield code="a">Freiburg i.B.</subfield><subfield code="a">Basel [etc.]</subfield><subfield code="b">Herder</subfield><subfield code="c">[1978]</subfield></datafield><datafield ind1=" " ind2="4" tag="264"><subfield code="c">© 1978</subfield></datafield><datafield ind1=" " ind2=" " tag="300"><subfield code="a">208 p.</subfield><subfield code="c">22 cm</subfield></datafield><datafield ind1=" " ind2=" " tag="336"><subfield code="b">txt</subfield><subfield code="2">rdacontent</subfield></datafield><datafield ind1=" " ind2=" " tag="337"><subfield code="b">n</subfield><subfield code="2">rdamedia</subfield></datafield><datafield ind1=" " ind2=" " tag="338"><subfield code="b">nc</subfield><subfield code="2">rdacarrier</subfield></datafield><datafield ind1="1" ind2=" " tag="490"><subfield code="a">Quaestiones disputatae</subfield><subfield code="v">71</subfield></datafield><datafield ind1=" " ind2="7" tag="650"><subfield code="a">Eschatologie</subfield><subfield code="0">(IDREF)02751000X</subfield><subfield code="2">idref</subfield></datafield><datafield ind1=" " ind2="4" tag="650"><subfield code="a">Christentum</subfield></datafield><datafield ind1=" " ind2="4" tag="650"><subfield code="a">Eschatologie</subfield></datafield><datafield ind1=" " ind2="4" tag="650"><subfield code="a">Leben</subfield></datafield><datafield ind1=" " ind2="4" tag="650"><subfield code="a">Tod</subfield></datafield><datafield ind1=" " ind2="4" tag="650"><subfield code="a">Unsterblichkeit</subfield></datafield><datafield ind1="1" ind2=" " tag="700"><subfield code="a">Lohfink, Gerhard</subfield><subfield code="d">1934-2024</subfield><subfield code="0">(DE-588)118832638</subfield><subfield code="6">880-02</subfield></datafield><datafield ind1="1" ind2=" " tag="880"><subfield code="6">700-02</subfield><subfield code="a">Lohfink, Gerhard</subfield><subfield code="d">1934-2024</subfield><subfield code="0">(IDREF)02831929X</subfield></datafield><datafield ind1=" " ind2=" " tag="830"><subfield code="a">Quaestiones disputatae</subfield><subfield code="v">71</subfield><subfield code="w">(NEBIS)000987230EBI01</subfield></datafield><datafield ind1=" " ind2=" " tag="830"><subfield code="a">Quaestiones disputatae</subfield><subfield code="p">Herder</subfield><subfield code="v">71</subfield><subfield code="w">(RERO)0289264-41slsp</subfield></datafield><datafield ind1=" " ind2=" " tag="900"><subfield code="a">REROnoselfmerge</subfield></datafield><datafield ind1=" " ind2=" " tag="900"><subfield code="f">IDSU2medea</subfield></datafield></record>
</metadata></record>