<record><header><identifier>oai:alma.41SLSP_UGE:991000787919705502</identifier><datestamp>2023-05-10T00:11:27Z</datestamp><setSpec>uge_bcen_RapidILL_BOOK</setSpec><setSpec>uge_aaca_RapidILL_BOOK</setSpec><setSpec>uge_abels_RapidILL_BOOK</setSpec><setSpec>uge_dbu_RapidILL_BOOK</setSpec><setSpec>uge_cmu_RapidILL_BOOK</setSpec><setSpec>uge_mail_RapidILL_BOOK</setSpec><setSpec>uge_abbat_RapidILL_BOOK</setSpec><setSpec>UNIGE_ALL</setSpec><setSpec>uge_aobs_RapidILL_BOOK</setSpec><setSpec>uge_acar_RapidILL_BOOK</setSpec></header><metadata>
<record xmlns="http://www.loc.gov/MARC21/slim" xmlns:xsi="http://www.w3.org/2001/XMLSchema-instance" xsi:schemaLocation="http://www.loc.gov/MARC21/slim http://www.loc.gov/standards/marcxml/schema/MARC21slim.xsd"><leader>02161nam a2200313 c 4500</leader><controlfield tag="001">991000787919705502</controlfield><controlfield tag="005">20230509162747.0</controlfield><controlfield tag="008">960514s1979    le ||||| |||| 00| ||ara d</controlfield><datafield ind1=" " ind2=" " tag="035"><subfield code="a">(swissbib)091251117-41slsp_network</subfield></datafield><datafield ind1=" " ind2=" " tag="035"><subfield code="a">091251117</subfield><subfield code="9">ExL</subfield></datafield><datafield ind1=" " ind2=" " tag="035"><subfield code="a">(RERO)2200664-41slsp</subfield></datafield><datafield ind1=" " ind2=" " tag="035"><subfield code="a">(EXLNZ-41SLSP_NETWORK)991082089349705501</subfield></datafield><datafield ind1=" " ind2=" " tag="040"><subfield code="a">RERO geular</subfield><subfield code="d">CH-ZuSLS</subfield></datafield><datafield ind1="0" ind2=" " tag="041"><subfield code="a">ara</subfield><subfield code="a">eng</subfield></datafield><datafield ind1=" " ind2="7" tag="072"><subfield code="a">bt</subfield><subfield code="2">rero</subfield></datafield><datafield ind1="1" ind2=" " tag="100"><subfield code="6">880-01</subfield><subfield code="a">Banhāwī, muḥammed Amīn al-</subfield><subfield code="0">(IDREF)244148767</subfield><subfield code="4">cre</subfield></datafield><datafield ind1="1" ind2=" " tag="880"><subfield code="6">100-01/(3/r</subfield><subfield code="a">بنهاوي، محمد أمين</subfield></datafield><datafield ind1="1" ind2="0" tag="245"><subfield code="6">880-02</subfield><subfield code="a">Dictionary of library terms</subfield><subfield code="b">English-Arabic</subfield><subfield code="c">by Mohamed Amin el-Benhawy = Muʿǧam al-muṣṭalaḥāt al-maktabiyya : inǧlīzī-ʿarabī / waḍaʿa Muḥammad Amīn al-Banhāwī</subfield></datafield><datafield ind1="1" ind2="0" tag="880"><subfield code="6">245-02/(3/r</subfield><subfield code="a">Dictionary of library terms</subfield><subfield code="b">English-Arabic</subfield><subfield code="c">by Mohamed Amin el-Benhawy = معجم المصطلحات المكتبية : إنجليزي-عربي / وضع محمد أمين البنهاوي</subfield></datafield><datafield ind1="1" ind2=" " tag="246"><subfield code="6">880-03</subfield><subfield code="a">Muʿjam al-muṣṭalaḥāt al-maktabīya</subfield></datafield><datafield ind1="1" ind2=" " tag="880"><subfield code="6">246-03/(3/r</subfield><subfield code="a">معجم المصطلحات المكتبية</subfield></datafield><datafield ind1=" " ind2=" " tag="250"><subfield code="a">2nd ed. rev., enl., annot</subfield></datafield><datafield ind1=" " ind2="1" tag="264"><subfield code="6">880-04</subfield><subfield code="a">Beyrouth</subfield><subfield code="b">Dar al-shuruk</subfield><subfield code="c">1979</subfield></datafield><datafield ind1=" " ind2="1" tag="880"><subfield code="6">264-04/(3/r</subfield><subfield code="a">بيروت</subfield><subfield code="b">دار الشروق</subfield><subfield code="c">1979</subfield></datafield><datafield ind1=" " ind2=" " tag="300"><subfield code="a">296 p.</subfield><subfield code="c">25 cm</subfield></datafield><datafield ind1=" " ind2=" " tag="336"><subfield code="b">txt</subfield><subfield code="2">rdacontent</subfield></datafield><datafield ind1=" " ind2=" " tag="337"><subfield code="b">n</subfield><subfield code="2">rdamedia</subfield></datafield><datafield ind1=" " ind2=" " tag="338"><subfield code="b">nc</subfield><subfield code="2">rdacarrier</subfield></datafield><datafield ind1=" " ind2="7" tag="650"><subfield code="a">Bibliothéconomie</subfield><subfield code="0">(IDREF)027229408</subfield><subfield code="2">idref</subfield></datafield><datafield ind1=" " ind2="7" tag="655"><subfield code="a">Dictionnaires</subfield><subfield code="0">(IDREF)027232050</subfield><subfield code="2">idref</subfield></datafield></record>
</metadata></record>