<record><header><identifier>oai:alma.41SLSP_UGE:991000787119705502</identifier><datestamp>2023-04-02T03:14:03Z</datestamp><setSpec>uge_bcen_RapidILL_BOOK</setSpec><setSpec>uge_aaca_RapidILL_BOOK</setSpec><setSpec>uge_abels_RapidILL_BOOK</setSpec><setSpec>uge_dbu_RapidILL_BOOK</setSpec><setSpec>uge_cmu_RapidILL_BOOK</setSpec><setSpec>uge_mail_RapidILL_BOOK</setSpec><setSpec>uge_abbat_RapidILL_BOOK</setSpec><setSpec>UNIGE_ALL</setSpec><setSpec>uge_acar_RapidILL_BOOK</setSpec><setSpec>uge_aobs_RapidILL_BOOK</setSpec></header><metadata>
<record xmlns="http://www.loc.gov/MARC21/slim" xmlns:xsi="http://www.w3.org/2001/XMLSchema-instance" xsi:schemaLocation="http://www.loc.gov/MARC21/slim http://www.loc.gov/standards/marcxml/schema/MARC21slim.xsd"><leader>03714nam a2200673 c 4500</leader><controlfield tag="001">991000787119705502</controlfield><controlfield tag="005">20230401221644.0</controlfield><controlfield tag="008">201011s2016    xxua     b||| 001 0 eng| </controlfield><datafield ind1=" " ind2=" " tag="010"><subfield code="a">2015017652</subfield></datafield><datafield ind1=" " ind2=" " tag="020"><subfield code="a">149631011X</subfield><subfield code="q">pbk.</subfield></datafield><datafield ind1=" " ind2=" " tag="020"><subfield code="a">9781496310118</subfield><subfield code="q">alk. paper</subfield></datafield><datafield ind1=" " ind2=" " tag="035"><subfield code="a">(swissbib)227837681-41slsp_network</subfield></datafield><datafield ind1=" " ind2=" " tag="035"><subfield code="a">227837681</subfield><subfield code="9">ExL</subfield></datafield><datafield ind1=" " ind2=" " tag="035"><subfield code="a">(NEBIS)011115507EBI01</subfield></datafield><datafield ind1=" " ind2=" " tag="035"><subfield code="a">(RERO)R008317278-41slsp</subfield></datafield><datafield ind1=" " ind2=" " tag="035"><subfield code="a">(IDSBB)006424958DSV01</subfield></datafield><datafield ind1=" " ind2=" " tag="035"><subfield code="a">(EXLNZ-41SLSP_NETWORK)991061488789705501</subfield></datafield><datafield ind1=" " ind2=" " tag="040"><subfield code="a">DNLM/DLC</subfield><subfield code="b">ger</subfield><subfield code="e">rda</subfield><subfield code="d">CH-ZuSLS</subfield></datafield><datafield ind1="0" ind2=" " tag="041"><subfield code="a">eng</subfield></datafield><datafield ind1=" " ind2=" " tag="042"><subfield code="a">pcc</subfield></datafield><datafield ind1="1" ind2="0" tag="060"><subfield code="a">WF 102</subfield></datafield><datafield ind1=" " ind2="7" tag="072"><subfield code="a">me</subfield><subfield code="2">rero</subfield></datafield><datafield ind1=" " ind2="7" tag="072"><subfield code="a">me</subfield><subfield code="2">SzZuIDS BS/BE</subfield></datafield><datafield ind1="0" ind2="0" tag="082"><subfield code="a">612.2</subfield><subfield code="2">23</subfield></datafield><datafield ind1="1" ind2="4" tag="082"><subfield code="a">610</subfield><subfield code="2">15</subfield></datafield><datafield ind1=" " ind2=" " tag="084"><subfield code="a">612.2</subfield><subfield code="b">WES</subfield><subfield code="2">z</subfield></datafield><datafield ind1="1" ind2=" " tag="100"><subfield code="6">880-01</subfield><subfield code="a">West, John B.</subfield><subfield code="d">1928-</subfield><subfield code="0">(DE-588)1055763112</subfield><subfield code="e">Verfasser</subfield><subfield code="4">aut</subfield></datafield><datafield ind1="1" ind2=" " tag="880"><subfield code="6">100-01</subfield><subfield code="a">West, John Burnard</subfield><subfield code="c">physiologiste</subfield><subfield code="d">1928-....</subfield><subfield code="0">(IDREF)027195589</subfield><subfield code="4">cre</subfield></datafield><datafield ind1="1" ind2="0" tag="245"><subfield code="a">West's respiratory physiology</subfield><subfield code="b">the essentials</subfield><subfield code="c">John B. West (M.D., Ph.D., D.Sc., Professor of Medicine and Physiology, University of California, San Diego, School of Medicine, La Jolia, California), Andrew M. Luks (M.D., Associate Professor of Medicine, University of Washington, School of Medicine, Seattle, Washington)</subfield></datafield><datafield ind1="1" ind2="0" tag="246"><subfield code="a">Respiratory physiology</subfield></datafield><datafield ind1=" " ind2=" " tag="250"><subfield code="a">Tenth edition</subfield></datafield><datafield ind1=" " ind2="1" tag="264"><subfield code="a">Philadelphia</subfield><subfield code="b">Wolters Kluwer</subfield><subfield code="c">[2016]</subfield></datafield><datafield ind1=" " ind2=" " tag="300"><subfield code="a">x, 238 Seiten</subfield><subfield code="b">Illustrationen</subfield></datafield><datafield ind1=" " ind2=" " tag="336"><subfield code="b">txt</subfield><subfield code="2">rdacontent</subfield></datafield><datafield ind1=" " ind2=" " tag="337"><subfield code="b">n</subfield><subfield code="2">rdamedia</subfield></datafield><datafield ind1=" " ind2=" " tag="338"><subfield code="b">nc</subfield><subfield code="2">rdacarrier</subfield></datafield><datafield ind1=" " ind2=" " tag="500"><subfield code="a">Preceded by Respiratory physiology : the essentials / John B. West. 9th ed. c2012</subfield></datafield><datafield ind1=" " ind2=" " tag="504"><subfield code="a">Includes bibliographical references and index</subfield></datafield><datafield ind1="0" ind2=" " tag="505"><subfield code="a">[Contents] 1. Structure and function: How the architecture of the lung subserves its function. - 2. Ventilation: How gas gets to the alveoli. - 3. Diffusion: How gas get across the blood-gas barrier. - 4. Blood flow and metabolism: How the pulmonary circulation removes gas from the lung and. - alters some metabolites. - 5. Ventilation-perfusion relationships - How matching of gas and blood determines gas exchange. - 6. Gas transport by the blood: How gases are moved to and from the peripheral tissues. - 7. Mechanics of breathing: How the lung is supported and moved. - 8. Control of ventilation: How gas exchange is related. - 9. Respiratory system under stress: How gas exchange is accomplished during exercise, at low and. - high pressures and at birth. - 10. Tests of pulmonary function: How respiratory physiology is applied to measure lung function</subfield></datafield><datafield ind1=" " ind2="0" tag="650"><subfield code="a">Respiration</subfield></datafield><datafield ind1=" " ind2="7" tag="650"><subfield code="a">Respiration</subfield><subfield code="2">fast</subfield></datafield><datafield ind1=" " ind2="7" tag="650"><subfield code="a">ATMUNG (PHYSIOLOGIE)</subfield><subfield code="9">ger</subfield><subfield code="0">(ETHUDK)000026137</subfield><subfield code="2">ethudk</subfield></datafield><datafield ind1=" " ind2="7" tag="650"><subfield code="a">ÜBUNGSAUFGABEN + PRÜFUNGSAUFGABEN (LEHRMITTEL)</subfield><subfield code="9">ger</subfield><subfield code="0">(ETHUDK)000000101</subfield><subfield code="2">ethudk</subfield></datafield><datafield ind1=" " ind2="2" tag="650"><subfield code="a">Respiratory Physiological Phenomena</subfield></datafield><datafield ind1=" " ind2="7" tag="650"><subfield code="a">Respiration</subfield><subfield code="0">(IDREF)02731393X</subfield><subfield code="2">idref</subfield></datafield><datafield ind1=" " ind2="7" tag="650"><subfield code="a">Appareil respiratoire</subfield><subfield code="0">(IDREF)027271307</subfield><subfield code="2">idref</subfield></datafield><datafield ind1=" " ind2="2" tag="650"><subfield code="a">Respiratory Physiological Phenomena</subfield><subfield code="0">(DNLM)D012143</subfield></datafield><datafield ind1=" " ind2="7" tag="650"><subfield code="a">Lunge</subfield><subfield code="0">(DE-588)4036651-0</subfield><subfield code="2">gnd</subfield></datafield><datafield ind1=" " ind2="7" tag="650"><subfield code="a">Lungenfunktion</subfield><subfield code="0">(DE-588)4168318-3</subfield><subfield code="2">gnd</subfield></datafield><datafield ind1=" " ind2="7" tag="650"><subfield code="a">Physiologie</subfield><subfield code="0">(DE-588)4045981-0</subfield><subfield code="2">gnd</subfield></datafield><datafield ind1=" " ind2="7" tag="650"><subfield code="a">Atmung</subfield><subfield code="0">(DE-588)4003404-5</subfield><subfield code="2">gnd</subfield></datafield><datafield ind1=" " ind2="4" tag="655"><subfield code="a">Examination Questions</subfield></datafield><datafield ind1="1" ind2=" " tag="700"><subfield code="a">Luks, Andrew</subfield></datafield><datafield ind1="1" ind2=" " tag="700"><subfield code="a">Luks, Andrew M.</subfield><subfield code="6">880-02</subfield><subfield code="e">Verfasser</subfield><subfield code="4">aut</subfield><subfield code="0">(DE-588)1237250811</subfield></datafield><datafield ind1="1" ind2=" " tag="880"><subfield code="6">700-02</subfield><subfield code="a">Luks, Andrew M.</subfield><subfield code="c">professeur de médecine</subfield><subfield code="d">19..-....</subfield><subfield code="0">(IDREF)20169381X</subfield></datafield><datafield ind1="4" ind2=" " tag="856"><subfield code="3">Titelblatt und Inhaltsverzeichnis</subfield><subfield code="u">https://toc.library.ethz.ch/objects/pdf03/e01_978-1-4963-1011-8_01.pdf</subfield><subfield code="q">pdf</subfield></datafield><datafield ind1=" " ind2=" " tag="900"><subfield code="a">IDSE5E51ANH-2020</subfield></datafield><datafield ind1=" " ind2=" " tag="900"><subfield code="a">REROnoselfmerge</subfield></datafield><datafield ind1=" " ind2=" " tag="910"><subfield code="a">NLM</subfield><subfield code="b">20151202</subfield></datafield><datafield ind1=" " ind2=" " tag="949"><subfield code="a">https://toc.library.ethz.ch/objects/pdf03/e01_978-1-4963-1011-8_01.pdf</subfield></datafield></record>
</metadata></record>