<record><header><identifier>oai:alma.41SLSP_UGE:991000787439705502</identifier><datestamp>2023-04-15T00:12:40Z</datestamp><setSpec>uge_bcen_RapidILL_BOOK</setSpec><setSpec>uge_aaca_RapidILL_BOOK</setSpec><setSpec>uge_abels_RapidILL_BOOK</setSpec><setSpec>uge_dbu_RapidILL_BOOK</setSpec><setSpec>uge_cmu_RapidILL_BOOK</setSpec><setSpec>uge_mail_RapidILL_BOOK</setSpec><setSpec>uge_abbat_RapidILL_BOOK</setSpec><setSpec>UNIGE_ALL</setSpec><setSpec>uge_acar_RapidILL_BOOK</setSpec><setSpec>uge_aobs_RapidILL_BOOK</setSpec></header><metadata>
<record xmlns="http://www.loc.gov/MARC21/slim" xmlns:xsi="http://www.w3.org/2001/XMLSchema-instance" xsi:schemaLocation="http://www.loc.gov/MARC21/slim http://www.loc.gov/standards/marcxml/schema/MARC21slim.xsd"><leader>02548nam a2200625 c 4500</leader><controlfield tag="001">991000787439705502</controlfield><controlfield tag="005">20201230222010.0</controlfield><controlfield tag="008">201011s1977    gw ||||| |||| 00| ||lat d</controlfield><datafield ind1=" " ind2=" " tag="020"><subfield code="a">3920128281</subfield></datafield><datafield ind1=" " ind2=" " tag="035"><subfield code="a">(swissbib)220353867-41slsp_network</subfield></datafield><datafield ind1=" " ind2=" " tag="035"><subfield code="a">220353867</subfield><subfield code="9">ExL</subfield></datafield><datafield ind1=" " ind2=" " tag="035"><subfield code="a">(RERO)0474172-41slsp</subfield></datafield><datafield ind1=" " ind2=" " tag="035"><subfield code="a">(NEBIS)003307162EBI01</subfield></datafield><datafield ind1=" " ind2=" " tag="035"><subfield code="a">(IDSBB)000201554DSV01</subfield></datafield><datafield ind1=" " ind2=" " tag="035"><subfield code="a">(EXLNZ-41SLSP_NETWORK)991054053909705501</subfield></datafield><datafield ind1=" " ind2=" " tag="040"><subfield code="a">RERO</subfield><subfield code="d">CH-ZuSLS</subfield></datafield><datafield ind1="0" ind2=" " tag="041"><subfield code="a">lat</subfield><subfield code="a">ger</subfield></datafield><datafield ind1=" " ind2=" " tag="050"><subfield code="a">BX2617.B38</subfield><subfield code="b">B73 1977</subfield></datafield><datafield ind1=" " ind2="7" tag="072"><subfield code="a">la</subfield><subfield code="2">rero</subfield></datafield><datafield ind1=" " ind2="7" tag="072"><subfield code="a">ga</subfield><subfield code="2">SzZuIDS BS/BE</subfield></datafield><datafield ind1="0" ind2="4" tag="082"><subfield code="a">271.1</subfield></datafield><datafield ind1="0" ind2="4" tag="082"><subfield code="a">255.1</subfield></datafield><datafield ind1="1" ind2="4" tag="082"><subfield code="a">900</subfield><subfield code="2">15</subfield></datafield><datafield ind1="1" ind2=" " tag="100"><subfield code="a">Breatnach, Pádraig A.</subfield><subfield code="6">880-01</subfield></datafield><datafield ind1="1" ind2=" " tag="880"><subfield code="6">100-01</subfield><subfield code="a">Breatnach, Pádraic</subfield><subfield code="d">1942-....</subfield><subfield code="0">(IDREF)077165683</subfield></datafield><datafield ind1="1" ind2="0" tag="245"><subfield code="a">&lt;&lt;Die&gt;&gt; Regensburger Schottenlegende - Libellus de fundacione ecclesie Consecrati Petri</subfield><subfield code="b">Untersuchung und Textausgabe</subfield><subfield code="c">Pádraig A. Breatnach</subfield></datafield><datafield ind1="1" ind2="3" tag="246"><subfield code="a">Libellus de fundacione ecclesie Consecrati Petri</subfield></datafield><datafield ind1=" " ind2="1" tag="264"><subfield code="a">München</subfield><subfield code="b">Arbeo-Gesellschaft</subfield><subfield code="c">1977</subfield></datafield><datafield ind1=" " ind2=" " tag="300"><subfield code="a">323 p.</subfield><subfield code="c">22 cm</subfield></datafield><datafield ind1=" " ind2=" " tag="336"><subfield code="b">txt</subfield><subfield code="2">rdacontent</subfield></datafield><datafield ind1=" " ind2=" " tag="337"><subfield code="b">n</subfield><subfield code="2">rdamedia</subfield></datafield><datafield ind1=" " ind2=" " tag="338"><subfield code="b">nc</subfield><subfield code="2">rdacarrier</subfield></datafield><datafield ind1="1" ind2=" " tag="490"><subfield code="a">Schriftenreihe der Arbeo-Gesellschaft</subfield></datafield><datafield ind1="1" ind2=" " tag="490"><subfield code="a">Münchener Beiträge zur Mediävistik und Renaissance-Forschung</subfield><subfield code="v">27</subfield></datafield><datafield ind1=" " ind2=" " tag="500"><subfield code="a">Kommentar dt., Text lat</subfield></datafield><datafield ind1=" " ind2=" " tag="502"><subfield code="a">Diss. phil. Univ. München</subfield></datafield><datafield ind1="2" ind2="7" tag="610"><subfield code="a">Kloster Sankt Jakob Regensburg</subfield><subfield code="0">(DE-588)10179358-3</subfield><subfield code="2">gnd</subfield></datafield><datafield ind1="1" ind2="0" tag="610"><subfield code="a">Sankt Jakob (Monastery), Regensburg</subfield></datafield><datafield ind1="1" ind2="0" tag="610"><subfield code="a">Sankt Jakob (Monastery), Würzburg</subfield></datafield><datafield ind1="0" ind2="7" tag="630"><subfield code="a">Libellus de fundacione ecclesie consecrati Petri Ratispone</subfield><subfield code="0">(DE-588)7520058-2</subfield><subfield code="2">gnd</subfield></datafield><datafield ind1=" " ind2="7" tag="650"><subfield code="a">Gründung</subfield><subfield code="0">(DE-588)4020642-7</subfield><subfield code="2">gnd</subfield></datafield><datafield ind1=" " ind2="0" tag="650"><subfield code="a">Irish</subfield><subfield code="z">Germany</subfield></datafield><datafield ind1=" " ind2="0" tag="650"><subfield code="a">Monasticism and religious orders</subfield><subfield code="z">Germany</subfield></datafield><datafield ind1=" " ind2="7" tag="650"><subfield code="a">Bénédictins</subfield><subfield code="z">Irlande</subfield><subfield code="y">Moyen âge</subfield><subfield code="x">Manuscrits</subfield><subfield code="2">ram</subfield></datafield><datafield ind1=" " ind2="7" tag="650"><subfield code="a">Bénédictins</subfield><subfield code="z">Allemagne (République fédérale)</subfield><subfield code="y">13e siècle</subfield><subfield code="x">Manuscrits</subfield><subfield code="2">ram</subfield></datafield><datafield ind1=" " ind2="4" tag="650"><subfield code="a">Gründung</subfield></datafield><datafield ind1=" " ind2="7" tag="655"><subfield code="a">Hochschulschrift</subfield><subfield code="2">gnd-content</subfield></datafield><datafield ind1=" " ind2=" " tag="690"><subfield code="a">Iren im Ausland</subfield><subfield code="2">uzb-Z9</subfield></datafield><datafield ind1=" " ind2=" " tag="690"><subfield code="a">Süddeutschland</subfield><subfield code="2">uzb-Z9</subfield></datafield><datafield ind1=" " ind2=" " tag="690"><subfield code="a">Benediktiner</subfield><subfield code="2">uzb-Z9</subfield></datafield><datafield ind1="0" ind2=" " tag="730"><subfield code="a">Regensburger Schottenlegende</subfield><subfield code="l">Latin</subfield><subfield code="f">1977</subfield></datafield><datafield ind1=" " ind2=" " tag="830"><subfield code="a">Schriftenreihe der Arbeo-Gesellschaft</subfield><subfield code="w">(RERO)0474159-41slsp</subfield></datafield><datafield ind1=" " ind2=" " tag="830"><subfield code="a">Münchener Beiträge zur Mediävistik und Renaissance-Forschung</subfield><subfield code="v">27</subfield><subfield code="w">(IDSBB)000026706DSV01</subfield></datafield><datafield ind1=" " ind2=" " tag="830"><subfield code="a">Münchener Beiträge zur Mediävistik und Renaissance-Forschung</subfield><subfield code="v">27</subfield><subfield code="w">(NEBIS)000988489EBI01</subfield></datafield><datafield ind1=" " ind2=" " tag="900"><subfield code="a">REROnoselfmerge</subfield></datafield><datafield ind1=" " ind2=" " tag="900"><subfield code="a">IDSZRMedeaZBZ</subfield><subfield code="e">IDSZRschum</subfield></datafield></record>
</metadata></record>