<record><header><identifier>oai:alma.41SLSP_UGE:991000787959705502</identifier><datestamp>2023-06-20T00:26:46Z</datestamp><setSpec>uge_bcen_RapidILL_BOOK</setSpec><setSpec>uge_aaca_RapidILL_BOOK</setSpec><setSpec>uge_abels_RapidILL_BOOK</setSpec><setSpec>uge_dbu_RapidILL_BOOK</setSpec><setSpec>uge_cmu_RapidILL_BOOK</setSpec><setSpec>uge_mail_RapidILL_BOOK</setSpec><setSpec>uge_abbat_RapidILL_BOOK</setSpec><setSpec>UNIGE_ALL</setSpec><setSpec>uge_aobs_RapidILL_BOOK</setSpec><setSpec>uge_acar_RapidILL_BOOK</setSpec></header><metadata>
<record xmlns="http://www.loc.gov/MARC21/slim" xmlns:xsi="http://www.w3.org/2001/XMLSchema-instance" xsi:schemaLocation="http://www.loc.gov/MARC21/slim http://www.loc.gov/standards/marcxml/schema/MARC21slim.xsd"><leader>03163nam a22007932c 4500</leader><controlfield tag="001">991000787959705502</controlfield><controlfield tag="005">20230619210334.0</controlfield><controlfield tag="008">201011s2010    xxk||||| |||| 00| ||eng d</controlfield><datafield ind1=" " ind2=" " tag="010"><subfield code="a">2009050475</subfield></datafield><datafield ind1=" " ind2=" " tag="020"><subfield code="a">075466886X</subfield><subfield code="q">hardback : alk. paper</subfield></datafield><datafield ind1=" " ind2=" " tag="020"><subfield code="a">1409404285</subfield><subfield code="q">ebook</subfield></datafield><datafield ind1=" " ind2=" " tag="020"><subfield code="a">9780754668862</subfield><subfield code="q">hardback : alk. paper</subfield></datafield><datafield ind1=" " ind2=" " tag="020"><subfield code="a">9781409404286</subfield><subfield code="q">ebook</subfield></datafield><datafield ind1="7" ind2=" " tag="024"><subfield code="a">http://catalogue.bnf.fr/ark:/12148/cb422593960</subfield><subfield code="2">uri</subfield></datafield><datafield ind1=" " ind2=" " tag="035"><subfield code="a">(swissbib)229037607-41slsp_network</subfield></datafield><datafield ind1=" " ind2=" " tag="035"><subfield code="a">229037607</subfield><subfield code="9">ExL</subfield></datafield><datafield ind1=" " ind2=" " tag="035"><subfield code="a">(RERO)R005498462-41slsp</subfield></datafield><datafield ind1=" " ind2=" " tag="035"><subfield code="a">(IDSBB)005273201DSV01</subfield></datafield><datafield ind1=" " ind2=" " tag="035"><subfield code="a">(NEBIS)005995292EBI01</subfield></datafield><datafield ind1=" " ind2=" " tag="035"><subfield code="a">(OCoLC)472794081</subfield></datafield><datafield ind1=" " ind2=" " tag="035"><subfield code="a">(EXLNZ-41SLSP_NETWORK)991013302489705501</subfield></datafield><datafield ind1=" " ind2=" " tag="040"><subfield code="a">DLC</subfield><subfield code="d">CH-ZuSLS</subfield></datafield><datafield ind1=" " ind2="0" tag="050"><subfield code="a">PR2983</subfield><subfield code="b">.S68 2010</subfield></datafield><datafield ind1=" " ind2="7" tag="072"><subfield code="a">an</subfield><subfield code="2">rero</subfield></datafield><datafield ind1=" " ind2="7" tag="072"><subfield code="a">le</subfield><subfield code="2">SzZuIDS BS/BE</subfield></datafield><datafield ind1="0" ind2="0" tag="082"><subfield code="a">822.3/3</subfield><subfield code="2">22</subfield></datafield><datafield ind1="0" ind2="4" tag="082"><subfield code="a">822.3 3</subfield><subfield code="2">22</subfield></datafield><datafield ind1="0" ind2="4" tag="082"><subfield code="a">822.3/3-dc22</subfield><subfield code="a">822.33</subfield></datafield><datafield ind1="1" ind2="4" tag="082"><subfield code="a">822.33</subfield><subfield code="2">21</subfield></datafield><datafield ind1=" " ind2=" " tag="084"><subfield code="a">HI 3421</subfield><subfield code="2">rvk</subfield></datafield><datafield ind1="1" ind2=" " tag="100"><subfield code="a">De Sousa, Geraldo U.</subfield><subfield code="d">1952-....</subfield><subfield code="0">(IDREF)034136193</subfield><subfield code="4">cre</subfield></datafield><datafield ind1="1" ind2="0" tag="245"><subfield code="a">At home in Shakespeare's tragedies</subfield><subfield code="c">by Geraldo U. de Sousa</subfield></datafield><datafield ind1=" " ind2="1" tag="264"><subfield code="a">Farnham, England</subfield><subfield code="a">Burlington, VT</subfield><subfield code="b">Ashgate</subfield><subfield code="c">2010</subfield></datafield><datafield ind1=" " ind2=" " tag="300"><subfield code="a">xii, 204 p.</subfield><subfield code="b">ill.</subfield><subfield code="c">24 cm.</subfield></datafield><datafield ind1=" " ind2=" " tag="336"><subfield code="b">txt</subfield><subfield code="2">rdacontent</subfield></datafield><datafield ind1=" " ind2=" " tag="337"><subfield code="b">n</subfield><subfield code="2">rdamedia</subfield></datafield><datafield ind1=" " ind2=" " tag="338"><subfield code="b">nc</subfield><subfield code="2">rdacarrier</subfield></datafield><datafield ind1=" " ind2=" " tag="504"><subfield code="a">Includes bibliographical references and index.</subfield></datafield><datafield ind1="0" ind2=" " tag="505"><subfield code="a">The vanishing castle in King Lear -- Unhoused in Othello: roots, routes and the edge of darkness -- At home in Hamlet -- Boundaries of home in Macbeth</subfield></datafield><datafield ind1="1" ind2="0" tag="600"><subfield code="a">Shakespeare, William</subfield><subfield code="d">1564-1616</subfield><subfield code="x">Tragedies</subfield></datafield><datafield ind1="1" ind2="7" tag="600"><subfield code="a">Shakespeare, William</subfield><subfield code="d">1564-1616</subfield><subfield code="0">(IDREF)027136086</subfield><subfield code="2">idref</subfield></datafield><datafield ind1="1" ind2="7" tag="600"><subfield code="a">Shakespeare, William</subfield><subfield code="x">Motiv</subfield><subfield code="x">Familie</subfield><subfield code="2">idsbb</subfield></datafield><datafield ind1="1" ind2="7" tag="600"><subfield code="a">Shakespeare, William</subfield><subfield code="x">Tragödie</subfield><subfield code="2">idsbb</subfield></datafield><datafield ind1="1" ind2="7" tag="600"><subfield code="a">Shakespeare, William</subfield><subfield code="2">idszbz</subfield></datafield><datafield ind1="1" ind2="7" tag="600"><subfield code="a">Shakespeare, William</subfield><subfield code="d">1564-1616</subfield><subfield code="0">(DE-588)118613723</subfield><subfield code="2">gnd</subfield></datafield><datafield ind1="1" ind2="0" tag="600"><subfield code="a">Shakespeare, William</subfield></datafield><datafield ind1=" " ind2="0" tag="650"><subfield code="a">Families</subfield><subfield code="z">England</subfield><subfield code="x">History</subfield><subfield code="y">16th century</subfield></datafield><datafield ind1=" " ind2="0" tag="650"><subfield code="a">Families</subfield><subfield code="z">England</subfield><subfield code="x">History</subfield><subfield code="y">17th century</subfield></datafield><datafield ind1=" " ind2="0" tag="650"><subfield code="a">Families in literature</subfield></datafield><datafield ind1=" " ind2="0" tag="650"><subfield code="a">Home in literature</subfield></datafield><datafield ind1=" " ind2="7" tag="650"><subfield code="a">Habitations</subfield><subfield code="0">(IDREF)027233448</subfield><subfield code="2">idref</subfield></datafield><datafield ind1=" " ind2="7" tag="650"><subfield code="a">Tragédie</subfield><subfield code="0">(IDREF)027701115</subfield><subfield code="2">idref</subfield></datafield><datafield ind1=" " ind2="7" tag="650"><subfield code="a">Famille</subfield><subfield code="0">(IDREF)027258556</subfield><subfield code="2">idref</subfield></datafield><datafield ind1=" " ind2="7" tag="650"><subfield code="a">Alltag</subfield><subfield code="2">idszbz</subfield></datafield><datafield ind1=" " ind2="7" tag="650"><subfield code="a">Zuhause</subfield><subfield code="2">idszbz</subfield></datafield><datafield ind1=" " ind2="7" tag="650"><subfield code="a">Familie</subfield><subfield code="2">idszbz</subfield></datafield><datafield ind1=" " ind2="7" tag="650"><subfield code="a">Privatleben</subfield><subfield code="2">idszbz</subfield></datafield><datafield ind1=" " ind2="7" tag="650"><subfield code="a">Drama</subfield><subfield code="2">idszbz</subfield></datafield><datafield ind1=" " ind2="7" tag="650"><subfield code="a">Motiv (Literatur)</subfield><subfield code="2">idszbz</subfield></datafield><datafield ind1=" " ind2="7" tag="650"><subfield code="a">Tragödie</subfield><subfield code="0">(DE-588)4060591-7</subfield><subfield code="2">gnd</subfield></datafield><datafield ind1=" " ind2="0" tag="650"><subfield code="a">England</subfield><subfield code="x">Social life and customs</subfield><subfield code="y">16th century</subfield></datafield><datafield ind1=" " ind2="0" tag="650"><subfield code="a">England</subfield><subfield code="x">Social life and customs</subfield><subfield code="y">17th century</subfield></datafield><datafield ind1=" " ind2="0" tag="650"><subfield code="a">Families</subfield><subfield code="x">History</subfield><subfield code="y">16th century</subfield></datafield><datafield ind1=" " ind2="0" tag="650"><subfield code="a">Families</subfield><subfield code="x">History</subfield><subfield code="y">17th century</subfield></datafield><datafield ind1=" " ind2="0" tag="651"><subfield code="a">England</subfield><subfield code="x">Social life and customs</subfield><subfield code="y">16th century</subfield></datafield><datafield ind1=" " ind2="0" tag="651"><subfield code="a">England</subfield><subfield code="x">Social life and customs</subfield><subfield code="y">17th century</subfield></datafield><datafield ind1="4" ind2=" " tag="856"><subfield code="3">Titelblatt und Inhaltsverzeichnis</subfield><subfield code="u">https://toc.library.ethz.ch/objects/pdf/z01_978-0-7546-6886-2_01.pdf</subfield><subfield code="q">pdf</subfield></datafield><datafield ind1=" " ind2=" " tag="900"><subfield code="a">IDSZ2zbzmon201008f</subfield><subfield code="c">IDSZ2tres</subfield><subfield code="d">IDSZ2zbzswk201009b</subfield><subfield code="e">IDSZ2stor</subfield></datafield><datafield ind1=" " ind2=" " tag="911"><subfield code="a">100</subfield><subfield code="a">Sousa, Geraldo U. de</subfield><subfield code="d">1952-</subfield></datafield><datafield ind1=" " ind2=" " tag="949"><subfield code="a">https://toc.library.ethz.ch/objects/pdf/z01_978-0-7546-6886-2_01.pdf</subfield></datafield></record>
</metadata></record>