<record><header><identifier>oai:alma.41SLSP_UGE:991000787129705502</identifier><datestamp>2023-04-10T00:15:28Z</datestamp><setSpec>uge_bcen_RapidILL_BOOK</setSpec><setSpec>uge_aaca_RapidILL_BOOK</setSpec><setSpec>uge_abels_RapidILL_BOOK</setSpec><setSpec>uge_dbu_RapidILL_BOOK</setSpec><setSpec>uge_cmu_RapidILL_BOOK</setSpec><setSpec>uge_mail_RapidILL_BOOK</setSpec><setSpec>uge_abbat_RapidILL_BOOK</setSpec><setSpec>UNIGE_ALL</setSpec><setSpec>uge_acar_RapidILL_BOOK</setSpec><setSpec>uge_aobs_RapidILL_BOOK</setSpec></header><metadata>
<record xmlns="http://www.loc.gov/MARC21/slim" xmlns:xsi="http://www.w3.org/2001/XMLSchema-instance" xsi:schemaLocation="http://www.loc.gov/MARC21/slim http://www.loc.gov/standards/marcxml/schema/MARC21slim.xsd"><leader>01743nam a2200469 c 4500</leader><controlfield tag="001">991000787129705502</controlfield><controlfield tag="005">20230409212458.0</controlfield><controlfield tag="008">201011s2012    xxu||||| |||| 00| ||eng d</controlfield><datafield ind1=" " ind2=" " tag="015"><subfield code="a">GBB251856</subfield><subfield code="2">bnb</subfield></datafield><datafield ind1=" " ind2=" " tag="020"><subfield code="a">0071771956</subfield><subfield code="q">pbk.</subfield><subfield code="c">£54.99</subfield></datafield><datafield ind1=" " ind2=" " tag="020"><subfield code="a">9780071771955</subfield><subfield code="q">pbk.</subfield><subfield code="c">£54.99</subfield></datafield><datafield ind1=" " ind2=" " tag="035"><subfield code="a">(swissbib)215737695-41slsp_network</subfield></datafield><datafield ind1=" " ind2=" " tag="035"><subfield code="a">215737695</subfield><subfield code="9">ExL</subfield></datafield><datafield ind1=" " ind2=" " tag="035"><subfield code="a">(RERO)R007143293-41slsp</subfield></datafield><datafield ind1=" " ind2=" " tag="035"><subfield code="a">(IDSBB)005990188DSV01</subfield></datafield><datafield ind1=" " ind2=" " tag="035"><subfield code="a">(EXLNZ-41SLSP_NETWORK)991030732199705501</subfield></datafield><datafield ind1=" " ind2=" " tag="040"><subfield code="a">StDuBDS</subfield><subfield code="d">CH-ZuSLS</subfield></datafield><datafield ind1=" " ind2="7" tag="072"><subfield code="a">me</subfield><subfield code="2">rero</subfield></datafield><datafield ind1=" " ind2="7" tag="072"><subfield code="a">me</subfield><subfield code="2">SzZuIDS BS/BE</subfield></datafield><datafield ind1="0" ind2="4" tag="082"><subfield code="a">616.0076</subfield><subfield code="2">23</subfield></datafield><datafield ind1="1" ind2="4" tag="082"><subfield code="a">610</subfield><subfield code="2">15</subfield></datafield><datafield ind1="0" ind2="0" tag="245"><subfield code="a">Harrison's principles of internal medicine</subfield><subfield code="c">self-assessment and board review</subfield></datafield><datafield ind1="1" ind2=" " tag="246"><subfield code="a">Principles of internal medicine</subfield></datafield><datafield ind1=" " ind2=" " tag="250"><subfield code="a">18th ed.</subfield><subfield code="b">ed. by Charles Wiener ... [et al.]</subfield></datafield><datafield ind1=" " ind2="1" tag="264"><subfield code="a">New York</subfield><subfield code="b">McGraw-Hill Medical</subfield><subfield code="c">2012</subfield></datafield><datafield ind1=" " ind2=" " tag="300"><subfield code="a">506 p.</subfield><subfield code="b">ill.</subfield></datafield><datafield ind1=" " ind2=" " tag="336"><subfield code="b">txt</subfield><subfield code="2">rdacontent</subfield></datafield><datafield ind1=" " ind2=" " tag="337"><subfield code="b">n</subfield><subfield code="2">rdamedia</subfield></datafield><datafield ind1=" " ind2=" " tag="338"><subfield code="b">nc</subfield><subfield code="2">rdacarrier</subfield></datafield><datafield ind1=" " ind2=" " tag="500"><subfield code="a">Suppl. de : Harrison's principles of internal medicine 18th ed., 2012</subfield></datafield><datafield ind1=" " ind2=" " tag="500"><subfield code="a">Previous ed.: 2008</subfield></datafield><datafield ind1=" " ind2=" " tag="504"><subfield code="a">Includes bibliographical references</subfield></datafield><datafield ind1=" " ind2="2" tag="650"><subfield code="a">Internal Medicine</subfield></datafield><datafield ind1=" " ind2="7" tag="650"><subfield code="a">Innere Medizin</subfield><subfield code="0">(DE-588)4027074-9</subfield><subfield code="2">gnd</subfield></datafield><datafield ind1=" " ind2="7" tag="650"><subfield code="a">Innere Krankheit</subfield><subfield code="0">(DE-588)4072828-6</subfield><subfield code="2">gnd</subfield></datafield><datafield ind1=" " ind2="2" tag="650"><subfield code="a">Internal Medicine</subfield><subfield code="0">(DNLM)D007388</subfield></datafield><datafield ind1=" " ind2="2" tag="655"><subfield code="a">Examination Questions</subfield></datafield><datafield ind1=" " ind2="2" tag="655"><subfield code="a">Examination Question</subfield><subfield code="0">(DNLM)D020475</subfield></datafield><datafield ind1="1" ind2=" " tag="700"><subfield code="a">Harrison, Tinsley Randolph</subfield><subfield code="d">1900-1978</subfield><subfield code="0">(DE-588)172126681</subfield></datafield><datafield ind1="1" ind2=" " tag="700"><subfield code="a">Harrison, Tinsley Randolph</subfield><subfield code="d">1900-1978</subfield><subfield code="0">(IDREF)026915405</subfield></datafield><datafield ind1="1" ind2=" " tag="700"><subfield code="a">Wiener, Charles</subfield><subfield code="0">(IDREF)175922136</subfield></datafield><datafield ind1="4" ind2=" " tag="856"><subfield code="3">Inhaltsverzeichnis</subfield><subfield code="u">http://www.ub.unibas.ch/tox/IDSBB/005990188/PDF</subfield><subfield code="q">pdf</subfield></datafield><datafield ind1=" " ind2=" " tag="949"><subfield code="a">http://www.ub.unibas.ch/tox/IDSBB/005990188/PDF</subfield></datafield></record>
</metadata></record>