<record><header><identifier>oai:alma.41SLSP_UGE:991000787019705502</identifier><datestamp>2023-03-01T01:09:51Z</datestamp><setSpec>uge_bcen_RapidILL_BOOK</setSpec><setSpec>uge_aaca_RapidILL_BOOK</setSpec><setSpec>uge_abels_RapidILL_BOOK</setSpec><setSpec>uge_dbu_RapidILL_BOOK</setSpec><setSpec>uge_cmu_RapidILL_BOOK</setSpec><setSpec>uge_mail_RapidILL_BOOK</setSpec><setSpec>UNIGE_ALL</setSpec><setSpec>uge_abbat_RapidILL_BOOK</setSpec><setSpec>uge_aobs_RapidILL_BOOK</setSpec><setSpec>uge_acar_RapidILL_BOOK</setSpec></header><metadata>
<record xmlns="http://www.loc.gov/MARC21/slim" xmlns:xsi="http://www.w3.org/2001/XMLSchema-instance" xsi:schemaLocation="http://www.loc.gov/MARC21/slim http://www.loc.gov/standards/marcxml/schema/MARC21slim.xsd"><leader>01192nam a2200325 c 4500</leader><controlfield tag="001">991000787019705502</controlfield><controlfield tag="005">20210207112900.0</controlfield><controlfield tag="008">151020s1976    sp ||||| |||| 00| ||spa d</controlfield><datafield ind1=" " ind2=" " tag="020"><subfield code="a">8427603509</subfield></datafield><datafield ind1=" " ind2=" " tag="035"><subfield code="a">(swissbib)12220655X-41slsp_network</subfield></datafield><datafield ind1=" " ind2=" " tag="035"><subfield code="a">12220655X</subfield><subfield code="9">ExL</subfield></datafield><datafield ind1=" " ind2=" " tag="035"><subfield code="a">(RERO)R008282529-41slsp</subfield></datafield><datafield ind1=" " ind2=" " tag="035"><subfield code="a">(EXLNZ-41SLSP_NETWORK)991056140009705501</subfield></datafield><datafield ind1=" " ind2=" " tag="040"><subfield code="a">DLC</subfield><subfield code="d">CH-ZuSLS</subfield></datafield><datafield ind1=" " ind2="0" tag="050"><subfield code="a">QA491</subfield><subfield code="b">.H45 1976</subfield></datafield><datafield ind1=" " ind2="7" tag="072"><subfield code="a">es</subfield><subfield code="2">rero</subfield></datafield><datafield ind1="1" ind2=" " tag="100"><subfield code="a">Herrera, Juan de</subfield><subfield code="0">(RERO)A003366900</subfield><subfield code="4">cre</subfield></datafield><datafield ind1="1" ind2="0" tag="245"><subfield code="a">Discurso del señor Juan de Herrera, aposentador Mayor de S.M., sobre la figura cúbica</subfield><subfield code="c">Juan de Herrera ; re-presentado por Edison Simons y Roberto Godoy</subfield></datafield><datafield ind1=" " ind2="1" tag="264"><subfield code="a">Madrid</subfield><subfield code="b">Editora Nacional</subfield><subfield code="c">1976</subfield></datafield><datafield ind1=" " ind2=" " tag="300"><subfield code="a">508 p.</subfield><subfield code="b">ill.</subfield></datafield><datafield ind1=" " ind2=" " tag="336"><subfield code="b">txt</subfield><subfield code="2">rdacontent</subfield></datafield><datafield ind1=" " ind2=" " tag="337"><subfield code="b">n</subfield><subfield code="2">rdamedia</subfield></datafield><datafield ind1=" " ind2=" " tag="338"><subfield code="b">nc</subfield><subfield code="2">rdacarrier</subfield></datafield><datafield ind1="1" ind2=" " tag="490"><subfield code="a">Biblioteca de Visionarios, Heterodoxos y Marginados</subfield><subfield code="v">12</subfield></datafield><datafield ind1=" " ind2="0" tag="650"><subfield code="a">Cube</subfield></datafield><datafield ind1=" " ind2="0" tag="650"><subfield code="a">Geometry</subfield><subfield code="v">Early works to 1800</subfield></datafield><datafield ind1="1" ind2=" " tag="700"><subfield code="a">Godoy, Roberto</subfield><subfield code="0">(IDREF)169607968</subfield></datafield><datafield ind1="1" ind2=" " tag="700"><subfield code="a">Simons, Edison</subfield><subfield code="d">1933-2001</subfield><subfield code="0">(IDREF)029731100</subfield></datafield><datafield ind1=" " ind2="0" tag="830"><subfield code="a">Biblioteca de Visionarios, Heterodoxos y Marginados</subfield><subfield code="v">12</subfield><subfield code="w">(RERO)0139777-41slsp</subfield></datafield><datafield ind1=" " ind2=" " tag="900"><subfield code="a">REROnoselfmerge</subfield></datafield><datafield ind1=" " ind2=" " tag="910"><subfield code="a">OCoLC</subfield><subfield code="b">20151020</subfield><subfield code="c">Droits réservés</subfield></datafield></record>
</metadata></record>