<record><header><identifier>oai:alma.41SLSP_UGE:991000787419705502</identifier><datestamp>2023-06-26T00:15:32Z</datestamp><setSpec>UNIGE_ALL</setSpec></header><metadata>
<record xmlns="http://www.loc.gov/MARC21/slim" xmlns:xsi="http://www.w3.org/2001/XMLSchema-instance" xsi:schemaLocation="http://www.loc.gov/MARC21/slim http://www.loc.gov/standards/marcxml/schema/MARC21slim.xsd"><leader>02271ngm a2200505 c 4500</leader><controlfield tag="001">991000787419705502</controlfield><controlfield tag="005">20230625173321.0</controlfield><controlfield tag="007">vd |v||||</controlfield><controlfield tag="008">201011s2002    xxu||| |          v|eng d</controlfield><datafield ind1=" " ind2=" " tag="019"><subfield code="a">Nicht visioniert</subfield><subfield code="5">NEBIS/13.5.2008/E27/kz</subfield></datafield><datafield ind1="4" ind2="2" tag="028"><subfield code="a">751111</subfield></datafield><datafield ind1=" " ind2=" " tag="035"><subfield code="a">(swissbib)232043914-41slsp_network</subfield></datafield><datafield ind1=" " ind2=" " tag="035"><subfield code="a">232043914</subfield><subfield code="9">ExL</subfield></datafield><datafield ind1=" " ind2=" " tag="035"><subfield code="a">(RERO)R003225794-41slsp</subfield></datafield><datafield ind1=" " ind2=" " tag="035"><subfield code="a">(NEBIS)005573404EBI01</subfield></datafield><datafield ind1=" " ind2=" " tag="035"><subfield code="a">(EXLNZ-41SLSP_NETWORK)991022710649705501</subfield></datafield><datafield ind1=" " ind2=" " tag="040"><subfield code="a">RERO labcud</subfield><subfield code="d">CH-ZuSLS</subfield></datafield><datafield ind1="1" ind2=" " tag="041"><subfield code="a">fre</subfield><subfield code="a">eng</subfield><subfield code="a">ger</subfield><subfield code="a">ita</subfield><subfield code="a">spa</subfield><subfield code="h">eng</subfield></datafield><datafield ind1=" " ind2="7" tag="072"><subfield code="a">ba</subfield><subfield code="2">rero</subfield></datafield><datafield ind1="0" ind2="0" tag="245"><subfield code="a">84 Charing Cross Road</subfield><subfield code="c">un film de David Jones ; musique composée par George Fenton ; scénario de Hugh Whitemore ; produit par Geoffrey Helman</subfield></datafield><datafield ind1=" " ind2="1" tag="264"><subfield code="a">[S.I.]</subfield><subfield code="b">Columbia Tristar Home Entertainment</subfield><subfield code="c">[2002]</subfield></datafield><datafield ind1=" " ind2="4" tag="264"><subfield code="c">© 2002</subfield></datafield><datafield ind1=" " ind2=" " tag="300"><subfield code="a">1 DVD vidéo</subfield><subfield code="b">couleur PAL</subfield></datafield><datafield ind1=" " ind2=" " tag="336"><subfield code="b">tdi</subfield><subfield code="2">rdacontent</subfield></datafield><datafield ind1=" " ind2=" " tag="337"><subfield code="b">v</subfield><subfield code="2">rdamedia</subfield></datafield><datafield ind1=" " ind2=" " tag="338"><subfield code="b">vd</subfield><subfield code="2">rdacarrier</subfield></datafield><datafield ind1=" " ind2=" " tag="500"><subfield code="a">Format: 16/9 compatible 4/3 (zone 2)</subfield></datafield><datafield ind1=" " ind2=" " tag="500"><subfield code="a">Une prod.: Columbia Pictures Industries, cop. 1986</subfield></datafield><datafield ind1=" " ind2=" " tag="500"><subfield code="a">Durée du film: 1h36</subfield></datafield><datafield ind1=" " ind2=" " tag="500"><subfield code="a">Languages: French, German, Ital., Span. ; subtitles: Arabic, Bulgar., Czech, Danish, Engl., French, Finn., German, Greek ....</subfield></datafield><datafield ind1="0" ind2=" " tag="505"><subfield code="a">Choix de langues: Français, anglais, italien, espagnol, allemand. Choix de sous-titres: Français, anglais, allemand, polonais, tchèque, hongrois, hindi, turc, danois, arabe, bulgare, suédois, finnois, islandais, néerlandais, norvégien, portugais, grec, hébreu, espagnol, italien</subfield></datafield><datafield ind1="0" ind2=" " tag="505"><subfield code="a">Comporte également: bandes-annonces (V.O.s.-t.)</subfield></datafield><datafield ind1=" " ind2=" " tag="508"><subfield code="a">Dir. de la photogr. Brian West</subfield></datafield><datafield ind1=" " ind2=" " tag="508"><subfield code="a">Screenplay by Hugh Whitemore ; produced by Geoffrey Helman</subfield></datafield><datafield ind1="0" ind2=" " tag="511"><subfield code="a">Anne Bancroft ; Anthony Hopkins ... et al.</subfield></datafield><datafield ind1="8" ind2=" " tag="520"><subfield code="a">Analyse: Amitié</subfield><subfield code="5">RERO/nebpup/11.2002/3303</subfield></datafield><datafield ind1=" " ind2=" " tag="538"><subfield code="a">Ländercode 2</subfield></datafield><datafield ind1=" " ind2="7" tag="655"><subfield code="a">DVD</subfield><subfield code="0">(IDREF)035108444</subfield><subfield code="2">idref</subfield></datafield><datafield ind1=" " ind2="7" tag="655"><subfield code="a">Films de fiction</subfield><subfield code="0">(IDREF)14779644X</subfield><subfield code="2">idref</subfield></datafield><datafield ind1="1" ind2=" " tag="700"><subfield code="a">Withemore, Hugh</subfield></datafield><datafield ind1="1" ind2=" " tag="700"><subfield code="a">Bancroft, Anne</subfield></datafield><datafield ind1="1" ind2=" " tag="700"><subfield code="a">Hopkins, Anthony J.</subfield></datafield><datafield ind1="1" ind2=" " tag="700"><subfield code="a">Whitemore, Hugh</subfield><subfield code="d">1936-2018</subfield><subfield code="0">(IDREF)083311416</subfield></datafield><datafield ind1="1" ind2=" " tag="700"><subfield code="a">Fenton, George</subfield><subfield code="d">1950-....</subfield><subfield code="0">(IDREF)060776684</subfield></datafield><datafield ind1="1" ind2=" " tag="700"><subfield code="a">Jones, David</subfield><subfield code="c">metteur en scène</subfield><subfield code="0">(RERO)A012322120</subfield></datafield><datafield ind1="1" ind2=" " tag="700"><subfield code="a">Helman, Geoffrey</subfield><subfield code="0">(RERO)A008897285</subfield></datafield></record>
</metadata></record>