<record><header><identifier>oai:alma.41SLSP_UGE:991000787729705502</identifier><datestamp>2023-03-01T01:09:51Z</datestamp><setSpec>uge_bcen_RapidILL_BOOK</setSpec><setSpec>uge_aaca_RapidILL_BOOK</setSpec><setSpec>uge_abels_RapidILL_BOOK</setSpec><setSpec>uge_dbu_RapidILL_BOOK</setSpec><setSpec>uge_cmu_RapidILL_BOOK</setSpec><setSpec>uge_mail_RapidILL_BOOK</setSpec><setSpec>UNIGE_ALL</setSpec><setSpec>uge_abbat_RapidILL_BOOK</setSpec><setSpec>uge_aobs_RapidILL_BOOK</setSpec><setSpec>uge_acar_RapidILL_BOOK</setSpec></header><metadata>
<record xmlns="http://www.loc.gov/MARC21/slim" xmlns:xsi="http://www.w3.org/2001/XMLSchema-instance" xsi:schemaLocation="http://www.loc.gov/MARC21/slim http://www.loc.gov/standards/marcxml/schema/MARC21slim.xsd"><leader>06560nam a2200709 c 4500</leader><controlfield tag="001">991000787729705502</controlfield><controlfield tag="005">20230216204710.0</controlfield><controlfield tag="008">201011s2014    xxk||||| |||| 00| ||eng d</controlfield><datafield ind1=" " ind2=" " tag="010"><subfield code="a">2013034095</subfield></datafield><datafield ind1=" " ind2=" " tag="020"><subfield code="a">0199333629</subfield><subfield code="q">hardback</subfield></datafield><datafield ind1=" " ind2=" " tag="020"><subfield code="a">9780199333622</subfield><subfield code="q">hardback</subfield></datafield><datafield ind1="7" ind2=" " tag="024"><subfield code="a">http://catalogue.bnf.fr/ark:/12148/cb443411168</subfield><subfield code="2">uri</subfield></datafield><datafield ind1=" " ind2=" " tag="035"><subfield code="a">(swissbib)220374171-41slsp_network</subfield></datafield><datafield ind1=" " ind2=" " tag="035"><subfield code="a">220374171</subfield><subfield code="9">ExL</subfield></datafield><datafield ind1=" " ind2=" " tag="035"><subfield code="a">(RERO)R007870509-41slsp</subfield></datafield><datafield ind1=" " ind2=" " tag="035"><subfield code="a">(NEBIS)010037847EBI01</subfield></datafield><datafield ind1=" " ind2=" " tag="035"><subfield code="a">(IDSSG)000646611HSB01</subfield></datafield><datafield ind1=" " ind2=" " tag="035"><subfield code="a">(SBT)000863221SBT01</subfield></datafield><datafield ind1=" " ind2=" " tag="035"><subfield code="a">(OCoLC)862588570</subfield></datafield><datafield ind1=" " ind2=" " tag="035"><subfield code="a">(EXLNZ-41SLSP_NETWORK)991090337579705501</subfield></datafield><datafield ind1=" " ind2=" " tag="040"><subfield code="a">DLC</subfield><subfield code="d">CH-ZuSLS</subfield></datafield><datafield ind1=" " ind2=" " tag="050"><subfield code="a">JC574.2.U6</subfield><subfield code="b">A42 2014</subfield></datafield><datafield ind1=" " ind2="7" tag="072"><subfield code="a">sp</subfield><subfield code="2">rero</subfield></datafield><datafield ind1="0" ind2="4" tag="082"><subfield code="a">320.510973/09034</subfield><subfield code="2">23</subfield></datafield><datafield ind1=" " ind2=" " tag="084"><subfield code="a">POL010000</subfield><subfield code="2">bisacsh</subfield></datafield><datafield ind1="1" ind2=" " tag="100"><subfield code="a">Adcock, Robert</subfield><subfield code="d">1974-</subfield><subfield code="0">(DE-588)133075281</subfield><subfield code="6">880-01</subfield></datafield><datafield ind1="1" ind2=" " tag="880"><subfield code="6">100-01</subfield><subfield code="a">Adcock, Robert</subfield><subfield code="0">(IDREF)122810880</subfield><subfield code="4">cre</subfield></datafield><datafield ind1="1" ind2="0" tag="245"><subfield code="a">Liberalism and the emergence of American political science</subfield><subfield code="b">a transatlantic tale</subfield><subfield code="c">Robert Adcock</subfield></datafield><datafield ind1=" " ind2="1" tag="264"><subfield code="a">Oxford</subfield><subfield code="a">New York</subfield><subfield code="b">Oxford University Press</subfield><subfield code="c">2014</subfield></datafield><datafield ind1=" " ind2=" " tag="300"><subfield code="a">x, 300 pages</subfield><subfield code="c">24 cm</subfield></datafield><datafield ind1=" " ind2=" " tag="336"><subfield code="b">txt</subfield><subfield code="2">rdacontent</subfield></datafield><datafield ind1=" " ind2=" " tag="337"><subfield code="b">n</subfield><subfield code="2">rdamedia</subfield></datafield><datafield ind1=" " ind2=" " tag="338"><subfield code="b">nc</subfield><subfield code="2">rdacarrier</subfield></datafield><datafield ind1=" " ind2=" " tag="504"><subfield code="a">Includes bibliographical references and index.</subfield></datafield><datafield ind1=" " ind2=" " tag="504"><subfield code="a">Bibliografia: p. 283-296</subfield></datafield><datafield ind1="0" ind2=" " tag="505"><subfield code="a">Machine generated contents note: -- Introduction. American Political Science and Liberalism in Transatlantic Perspective -- Part One: From Europe to America -- Chapter One. The Political in Political Science: The Liberal Debate about Democracy -- Chapter Two. The Science in Political Science: The Historicist Debate about Method -- Chapter Three. Democratized Classical Liberalism in the Antebellum American College: The Émigré Political Science of Francis Lieber -- Part Two: Wide Political Science and Liberalism in the Gilded Age -- Chapter Four. Political Science and Political Economy in the Age of Academic Reform: Andrew Dickson White and William Graham Sumner -- Chapter Five. Historical and Political Science at the Johns Hopkins University: Historicist Science, Liberalism, and the Founding of National Associations -- Part Three: Late Century Liberalisms and the New Political Science -- Chapter Six. Disenchanted Classical Liberalism as a Political Vision: William Graham Sumner and A. Lawrence Lowell -- Chapter Seven. Progressive Liberalism as a Political Vision: Woodrow Wilson's Political Science -- Chapter Eight. The Transatlantic Study of Modern Political Systems: The New Political Science of James Bryce, A. Lawrence Lowell, and Frank Goodnow -- Conclusion. The Americanization of Political Science and the Americanization of &quot;Liberalism&quot;</subfield></datafield><datafield ind1=" " ind2=" " tag="520"><subfield code="a">This book situates the origins of American political science in relation to the transatlantic history of liberalism. It shows how the field adapted European liberal responses to democratization and industrialization to speak to particular challenges of mass democracy and large-scale industry as they developed in nineteenth-century America. When political science first secured a niche in the American academy during the antebellum decades, it advanced a democratized classical liberal political vision overlapping with the contemporary European liberalism of Tocqueville and John Stuart Mill. As political science expanded during the Gilded Age and Progressive Era, divides and divergence within its liberalism first came to the fore in the area of political economy, and then were fleshed out into two alternative late-century political visions: progressive liberalism and disenchanted classical liberalism. During the early twentieth century, both found expression among early presidents of the new American Political Science Association, and subsequently, in contests over the meaning of &quot;liberalism” as this term acquired salience in American political discourse. Political science's pioneers in the American academy were, this book proposes, active agents of the Americanization of liberalism, and the history of American political science offers a venue in which we see how a distinct current of mid-nineteenth-century European liberalism was divergently transformed into alternative twentieth-century American liberalisms.</subfield><subfield code="5">SBT/30.06.2017/BUL/IP</subfield></datafield><datafield ind1=" " ind2="7" tag="648"><subfield code="a">Geschichte 1800-1900</subfield><subfield code="2">idszbz</subfield></datafield><datafield ind1=" " ind2="7" tag="648"><subfield code="a">Geschichte 1800-1900</subfield><subfield code="2">gnd</subfield></datafield><datafield ind1=" " ind2="7" tag="650"><subfield code="a">Libéralisme</subfield><subfield code="0">(IDREF)027519163</subfield><subfield code="2">idref</subfield></datafield><datafield ind1=" " ind2="7" tag="650"><subfield code="a">Science politique</subfield><subfield code="0">(IDREF)027792749</subfield><subfield code="2">idref</subfield></datafield><datafield ind1=" " ind2="7" tag="650"><subfield code="a">19e siècle</subfield><subfield code="0">(IDREF)027794059</subfield><subfield code="2">idref</subfield></datafield><datafield ind1=" " ind2="7" tag="650"><subfield code="a">POLITICAL SCIENCE / History &amp; Theory</subfield><subfield code="2">bisacsh</subfield></datafield><datafield ind1=" " ind2="0" tag="650"><subfield code="a">Liberalism</subfield><subfield code="z">United States</subfield><subfield code="x">History</subfield><subfield code="y">19th century</subfield></datafield><datafield ind1=" " ind2="0" tag="650"><subfield code="a">Political science</subfield><subfield code="z">United States</subfield><subfield code="x">History</subfield><subfield code="y">19th century</subfield></datafield><datafield ind1=" " ind2="7" tag="650"><subfield code="a">Liberalismus</subfield><subfield code="0">(DE-588)4035582-2</subfield><subfield code="2">gnd</subfield></datafield><datafield ind1=" " ind2="7" tag="650"><subfield code="a">Politische Theorie</subfield><subfield code="0">(DE-588)4046563-9</subfield><subfield code="2">gnd</subfield></datafield><datafield ind1=" " ind2="7" tag="651"><subfield code="a">États-Unis</subfield><subfield code="0">(IDREF)027225488</subfield><subfield code="2">idref</subfield></datafield><datafield ind1=" " ind2="0" tag="651"><subfield code="a">Political culture</subfield><subfield code="z">United States</subfield><subfield code="x">History</subfield><subfield code="y">19th century</subfield></datafield><datafield ind1=" " ind2="7" tag="651"><subfield code="a">USA</subfield><subfield code="0">(DE-588)4078704-7</subfield><subfield code="2">gnd</subfield></datafield><datafield ind1=" " ind2="7" tag="655"><subfield code="a">[Études diverses]</subfield><subfield code="0">(RERO)A022249905</subfield><subfield code="2">rero</subfield></datafield><datafield ind1=" " ind2=" " tag="690"><subfield code="a">Politikwissenschaft; Liberalismus; Wirtschaftswissenschaft; historische Schule; Geschichte; Bibliographie; Graham</subfield><subfield code="2">idssg-J</subfield></datafield><datafield ind1=" " ind2=" " tag="690"><subfield code="a">Landesverband</subfield><subfield code="2">idssg-J</subfield></datafield><datafield ind1=" " ind2=" " tag="690"><subfield code="a">historische Wissenschaft; neue Wissenschaft; amerikanische Politikwissenschaft; amerikanische Politologie; klassischer Liberalismus; liberale Debatte; politischer Liberalismus; politische Vision; politische Wissenschaft; politische Ökonomie; progressiver Liberalismus; transatlantische Geschichte; transatlantische Studie</subfield><subfield code="2">idssg-J</subfield></datafield><datafield ind1=" " ind2=" " tag="690"><subfield code="a">Europa C4E; Amerika; Großbritannien C4EUUK; Vereinigte Staaten C1USA</subfield><subfield code="2">idssg-J</subfield></datafield><datafield ind1=" " ind2=" " tag="690"><subfield code="a">American Political Science; Andrew White; Antebellum American; Bryce Lawrence Lowell; Francis Lieber; Geschichte ROBERT ADCOCK Oxford; James Bryce Lawrence Lowell; John Hopkins Universität Historismus Wissenschaft; Modern Political Systeme; New Political Science; Robert ADCOCK; Transatlantic Perspective; Vision Woodrow Wilson Politikwissenschaft; William Graham Sumner</subfield><subfield code="2">idssg-J</subfield></datafield><datafield ind1=" " ind2=" " tag="691"><subfield code="e">320.510973</subfield><subfield code="a">Liberalismo. Stati Uniti</subfield><subfield code="2">usi-TE</subfield></datafield><datafield ind1="0" ind2="8" tag="776"><subfield code="i">Online-Ausgabe</subfield><subfield code="w">(IDSSG)000656338HSB01</subfield></datafield><datafield ind1="4" ind2=" " tag="856"><subfield code="3">Titelblatt und Inhaltsverzeichnis</subfield><subfield code="u">https://toc.library.ethz.ch/objects/pdf03/z01_978-0-19-933362-2_01.pdf</subfield><subfield code="q">pdf</subfield></datafield><datafield ind1=" " ind2=" " tag="900"><subfield code="a">REROnoselfmerge</subfield></datafield><datafield ind1=" " ind2=" " tag="900"><subfield code="a">IDSZ2zbzmon201406f</subfield><subfield code="c">IDSZ2fran</subfield><subfield code="d">IDSZ2zbzswk201411b</subfield><subfield code="e">IDSZ2brue</subfield></datafield><datafield ind1=" " ind2=" " tag="910"><subfield code="a">LOC</subfield><subfield code="b">20140908</subfield><subfield code="c">Droits réservés</subfield></datafield><datafield ind1=" " ind2=" " tag="949"><subfield code="a">https://toc.library.ethz.ch/objects/pdf03/z01_978-0-19-933362-2_01.pdf</subfield></datafield></record>
</metadata></record>