<record><header><identifier>oai:alma.41SLSP_UGE:991000787209705502</identifier><datestamp>2023-07-01T00:29:45Z</datestamp><setSpec>uge_bcen_RapidILL_BOOK</setSpec><setSpec>uge_aaca_RapidILL_BOOK</setSpec><setSpec>uge_abels_RapidILL_BOOK</setSpec><setSpec>uge_dbu_RapidILL_BOOK</setSpec><setSpec>uge_cmu_RapidILL_BOOK</setSpec><setSpec>uge_mail_RapidILL_BOOK</setSpec><setSpec>uge_abbat_RapidILL_BOOK</setSpec><setSpec>UNIGE_ALL</setSpec><setSpec>uge_acar_RapidILL_BOOK</setSpec><setSpec>uge_aobs_RapidILL_BOOK</setSpec></header><metadata>
<record xmlns="http://www.loc.gov/MARC21/slim" xmlns:xsi="http://www.w3.org/2001/XMLSchema-instance" xsi:schemaLocation="http://www.loc.gov/MARC21/slim http://www.loc.gov/standards/marcxml/schema/MARC21slim.xsd"><leader>01592naa a2200313 c 4500</leader><controlfield tag="001">991000787209705502</controlfield><controlfield tag="005">20230630211750.0</controlfield><controlfield tag="008">110621s2011    sz ||||| |||| 00| ||ger d</controlfield><datafield ind1=" " ind2=" " tag="035"><subfield code="a">(swissbib)113866666-41slsp_network</subfield></datafield><datafield ind1=" " ind2=" " tag="035"><subfield code="a">113866666</subfield><subfield code="9">ExL</subfield></datafield><datafield ind1=" " ind2=" " tag="035"><subfield code="a">(RERO)R006082419-41slsp</subfield></datafield><datafield ind1=" " ind2=" " tag="035"><subfield code="a">(EXLNZ-41SLSP_NETWORK)991129267449705501</subfield></datafield><datafield ind1=" " ind2=" " tag="040"><subfield code="a">RERO geubfd</subfield><subfield code="d">CH-ZuSLS</subfield></datafield><datafield ind1=" " ind2=" " tag="044"><subfield code="a">sz</subfield><subfield code="c">ch-zh</subfield></datafield><datafield ind1=" " ind2="7" tag="072"><subfield code="a">dr</subfield><subfield code="2">rero</subfield></datafield><datafield ind1=" " ind2=" " tag="084"><subfield code="a">CA/CH 70.1 i</subfield><subfield code="2">cjurrom</subfield></datafield><datafield ind1="1" ind2=" " tag="100"><subfield code="a">Schmutz, Andrea</subfield><subfield code="0">(RERO)A018908467</subfield><subfield code="4">cre</subfield></datafield><datafield ind1="1" ind2="0" tag="245"><subfield code="a">Beurkundungsbedürftigkeit von Werkverträgen im Zusammenhang mit Grundstückkaufverträgen</subfield><subfield code="c">von Andrea Schmutz</subfield></datafield><datafield ind1=" " ind2=" " tag="336"><subfield code="b">txt</subfield><subfield code="2">rdacontent</subfield></datafield><datafield ind1=" " ind2=" " tag="337"><subfield code="b">n</subfield><subfield code="2">rdamedia</subfield></datafield><datafield ind1=" " ind2=" " tag="338"><subfield code="b">nc</subfield><subfield code="2">rdacarrier</subfield></datafield><datafield ind1=" " ind2=" " tag="500"><subfield code="a">Deutscher Text mit Zusfassung in Franz. und Ital.</subfield></datafield><datafield ind1=" " ind2=" " tag="580"><subfield code="a">In: Festschrift : eine zehnjährige notarielle Zusammenarbeit im interkantonalen Bereich. - Zürich : Schulthess, 2011. - S. 47-64</subfield></datafield><datafield ind1=" " ind2="7" tag="650"><subfield code="a">Grundstückkauf</subfield><subfield code="9">ger</subfield><subfield code="0">(RERO)jurivoc000010500ger</subfield><subfield code="2">jurivoc</subfield></datafield><datafield ind1=" " ind2="7" tag="650"><subfield code="a">Werkvertrag</subfield><subfield code="9">ger</subfield><subfield code="0">(RERO)jurivoc000026386ger</subfield><subfield code="2">jurivoc</subfield></datafield><datafield ind1=" " ind2="7" tag="650"><subfield code="a">öffentliche Beurkundung</subfield><subfield code="9">ger</subfield><subfield code="0">(RERO)jurivoc000016353ger</subfield><subfield code="2">jurivoc</subfield></datafield><datafield ind1=" " ind2="7" tag="650"><subfield code="a">Anfechtbarkeit</subfield><subfield code="9">ger</subfield><subfield code="0">(RERO)jurivoc000001137ger</subfield><subfield code="2">jurivoc</subfield></datafield><datafield ind1=" " ind2="7" tag="650"><subfield code="a">Form und Inhalt</subfield><subfield code="9">ger</subfield><subfield code="0">(RERO)jurivoc000008572ger</subfield><subfield code="2">jurivoc</subfield></datafield><datafield ind1=" " ind2="7" tag="651"><subfield code="a">Schweiz</subfield><subfield code="9">ger</subfield><subfield code="0">(RERO)jurivoc000019912ger</subfield><subfield code="2">jurivoc</subfield></datafield><datafield ind1="0" ind2=" " tag="773"><subfield code="t">Mélanges : 10 ans de collaboration notariale intercantonale = Festschrift : eine zehnjährige notarielle Zusammenarbeit im interkantonalen Bereich = Miscellanee : 10 anni di collaborazione notarile intercantonale</subfield><subfield code="g">47</subfield><subfield code="w">(RERO)R006082132-41slsp</subfield></datafield></record>
</metadata></record>