<record><header><identifier>oai:alma.41SLSP_UGE:991000787839705502</identifier><datestamp>2023-11-27T01:24:32Z</datestamp><setSpec>uge_bcen_RapidILL_BOOK</setSpec><setSpec>uge_aaca_RapidILL_BOOK</setSpec><setSpec>uge_abels_RapidILL_BOOK</setSpec><setSpec>uge_dbu_RapidILL_BOOK</setSpec><setSpec>uge_cmu_RapidILL_BOOK</setSpec><setSpec>uge_mail_RapidILL_BOOK</setSpec><setSpec>uge_abbat_RapidILL_BOOK</setSpec><setSpec>UNIGE_ALL</setSpec><setSpec>uge_acar_RapidILL_BOOK</setSpec><setSpec>uge_aobs_RapidILL_BOOK</setSpec></header><metadata>
<record xmlns="http://www.loc.gov/MARC21/slim" xmlns:xsi="http://www.w3.org/2001/XMLSchema-instance" xsi:schemaLocation="http://www.loc.gov/MARC21/slim http://www.loc.gov/standards/marcxml/schema/MARC21slim.xsd"><leader>02513nam a2200445 c 4500</leader><controlfield tag="001">991000787839705502</controlfield><controlfield tag="005">20230327181645.0</controlfield><controlfield tag="008">060322s2004    sz ||||| |||| 00| ||fre d</controlfield><datafield ind1=" " ind2=" " tag="035"><subfield code="a">(swissbib)103397752-41slsp_network</subfield></datafield><datafield ind1=" " ind2=" " tag="035"><subfield code="a">103397752</subfield><subfield code="9">ExL</subfield></datafield><datafield ind1=" " ind2=" " tag="035"><subfield code="a">(RERO)R004094985-41slsp</subfield></datafield><datafield ind1=" " ind2=" " tag="035"><subfield code="a">(ALEX)bv9925873387201791</subfield></datafield><datafield ind1=" " ind2=" " tag="035"><subfield code="a">(EXLNZ-41SLSP_NETWORK)991108282689705501</subfield></datafield><datafield ind1=" " ind2=" " tag="040"><subfield code="a">RERO geufpe</subfield><subfield code="d">CH-ZuSLS</subfield></datafield><datafield ind1=" " ind2=" " tag="044"><subfield code="a">sz</subfield><subfield code="c">ch-vd</subfield></datafield><datafield ind1=" " ind2="7" tag="072"><subfield code="a">me</subfield><subfield code="2">rero</subfield></datafield><datafield ind1="1" ind2=" " tag="100"><subfield code="a">Hofner, Marie-Claude</subfield><subfield code="c">médecin</subfield><subfield code="0">(IDREF)070373175</subfield><subfield code="4">cre</subfield></datafield><datafield ind1="1" ind2="0" tag="245"><subfield code="a">&quot;C'est assez&quot;</subfield><subfield code="b">programme de détection et d'orientation des adultes concernés par la violence : origines et développements 2000-2004</subfield><subfield code="c">Marie-Claude Hofner, Nataly Viens Python</subfield></datafield><datafield ind1=" " ind2="1" tag="264"><subfield code="a">Lausanne</subfield><subfield code="b">Institut universitaire de médecine sociale et préventive</subfield><subfield code="c">2004</subfield></datafield><datafield ind1=" " ind2=" " tag="300"><subfield code="a">47 f.</subfield><subfield code="b">ill.</subfield></datafield><datafield ind1=" " ind2=" " tag="336"><subfield code="b">txt</subfield><subfield code="2">rdacontent</subfield></datafield><datafield ind1=" " ind2=" " tag="337"><subfield code="b">n</subfield><subfield code="2">rdamedia</subfield></datafield><datafield ind1=" " ind2=" " tag="338"><subfield code="b">nc</subfield><subfield code="2">rdacarrier</subfield></datafield><datafield ind1="1" ind2=" " tag="490"><subfield code="a">Raisons de santé</subfield><subfield code="v">104</subfield></datafield><datafield ind1=" " ind2=" " tag="500"><subfield code="a">Ressource en ligne consultée le 03.06.2013</subfield></datafield><datafield ind1="0" ind2=" " tag="505"><subfield code="a">[Table des matières] Résumé. - 1. La violence, un problème de santé publique? : Quelques jalons historiques récents - Définitions et typologie - Données épidémiologiques suisses - Conséquences sanitaires et sociales - Possibilité d'intervention. - 2. Origine du projet: Résumé de l'étude &quot;Violence conjugale dans le canton de Vaud&quot; - Contexte politique et institutionnel de démarrage du projet. - 3. Initiation du projet: Aspects organisationnels - Travaux préparatoires. - 4. Développements en 2002-2004: Axe quantitatif - Axe qualitatif - Protocole d'intervention - Carte du réseau - Formation des professionnels - Permanence de soutien et d'orientation. - 5. Conclusions: Les opportunités et les difficultés - Plan de développement 2004-2007 - Recherches à mener. - 6. Annexes</subfield></datafield><datafield ind1=" " ind2="2" tag="650"><subfield code="a">Domestic Violence</subfield></datafield><datafield ind1=" " ind2="2" tag="650"><subfield code="a">Violence</subfield></datafield><datafield ind1=" " ind2="2" tag="650"><subfield code="a">Government Programs</subfield></datafield><datafield ind1=" " ind2="2" tag="650"><subfield code="a">Domestic Violence</subfield><subfield code="x">prevention &amp; control</subfield></datafield><datafield ind1=" " ind2="2" tag="650"><subfield code="a">Government Programs</subfield><subfield code="x">organization &amp; administration</subfield></datafield><datafield ind1=" " ind2="2" tag="650"><subfield code="a">Violence</subfield><subfield code="x">prevention &amp; control</subfield></datafield><datafield ind1=" " ind2="7" tag="650"><subfield code="a">Santé publique</subfield><subfield code="0">(IDREF)027248135</subfield><subfield code="2">idref</subfield></datafield><datafield ind1=" " ind2="7" tag="650"><subfield code="a">Violence</subfield><subfield code="0">(IDREF)027255891</subfield><subfield code="2">idref</subfield></datafield><datafield ind1=" " ind2="7" tag="650"><subfield code="a">Adultes</subfield><subfield code="0">(IDREF)027820475</subfield><subfield code="2">idref</subfield></datafield><datafield ind1=" " ind2="2" tag="651"><subfield code="a">Switzerland</subfield></datafield><datafield ind1=" " ind2="7" tag="651"><subfield code="a">Vaud (Suisse)</subfield><subfield code="0">(IDREF)027318494</subfield><subfield code="2">idref</subfield></datafield><datafield ind1=" " ind2="2" tag="655"><subfield code="a">Technical Report</subfield></datafield><datafield ind1=" " ind2="7" tag="650"><subfield code="a">Häusliche Gewalt</subfield><subfield code="0">(DE-588)4723056-3</subfield><subfield code="2">gnd</subfield></datafield><datafield ind1=" " ind2="7" tag="650"><subfield code="a">Gesundheitswesen</subfield><subfield code="0">(DE-588)4020775-4</subfield><subfield code="2">gnd</subfield></datafield><datafield ind1=" " ind2="7" tag="650"><subfield code="a">Krankenhaus</subfield><subfield code="0">(DE-588)4032786-3</subfield><subfield code="2">gnd</subfield></datafield><datafield ind1=" " ind2="7" tag="651"><subfield code="a">Schweiz</subfield><subfield code="0">(DE-588)4053881-3</subfield><subfield code="2">gnd</subfield></datafield><datafield ind1="1" ind2=" " tag="700"><subfield code="a">Viens Python, Nataly</subfield><subfield code="0">(IDREF)182683079</subfield></datafield><datafield ind1="4" ind2="1" tag="856"><subfield code="3">Texte intégral</subfield><subfield code="u">http://www.iumsp.ch/Publications/pdf/rds104_fr.pdf</subfield></datafield><datafield ind1=" " ind2="0" tag="830"><subfield code="a">Raisons de santé</subfield><subfield code="v">104</subfield><subfield code="w">(RERO)R217594160-41slsp</subfield></datafield><datafield ind1=" " ind2=" " tag="900"><subfield code="a">REROnoselfmerge</subfield></datafield></record>
</metadata></record>