<record><header><identifier>oai:alma.41SLSP_UGE:991000787319705502</identifier><datestamp>2023-03-01T01:09:51Z</datestamp><setSpec>uge_bcen_RapidILL_BOOK</setSpec><setSpec>uge_aaca_RapidILL_BOOK</setSpec><setSpec>uge_abels_RapidILL_BOOK</setSpec><setSpec>uge_dbu_RapidILL_BOOK</setSpec><setSpec>uge_cmu_RapidILL_BOOK</setSpec><setSpec>uge_mail_RapidILL_BOOK</setSpec><setSpec>UNIGE_ALL</setSpec><setSpec>uge_abbat_RapidILL_BOOK</setSpec><setSpec>uge_aobs_RapidILL_BOOK</setSpec><setSpec>uge_acar_RapidILL_BOOK</setSpec></header><metadata>
<record xmlns="http://www.loc.gov/MARC21/slim" xmlns:xsi="http://www.w3.org/2001/XMLSchema-instance" xsi:schemaLocation="http://www.loc.gov/MARC21/slim http://www.loc.gov/standards/marcxml/schema/MARC21slim.xsd"><leader>03111nam a2200673 c 4500</leader><controlfield tag="001">991000787319705502</controlfield><controlfield tag="005">20210207212839.0</controlfield><controlfield tag="008">201011t19911991xxu||||| |||| 10| ||eng d</controlfield><datafield ind1=" " ind2=" " tag="019"><subfield code="a">LeRoith, Derek (1945-) / Library of Congress</subfield></datafield><datafield ind1=" " ind2=" " tag="020"><subfield code="a">030643928X</subfield></datafield><datafield ind1=" " ind2=" " tag="035"><subfield code="a">(swissbib)222515449-41slsp_network</subfield></datafield><datafield ind1=" " ind2=" " tag="035"><subfield code="a">222515449</subfield><subfield code="9">ExL</subfield></datafield><datafield ind1=" " ind2=" " tag="035"><subfield code="a">(RERO)1451024-41slsp</subfield></datafield><datafield ind1=" " ind2=" " tag="035"><subfield code="a">(NEBIS)001185787EBI01</subfield></datafield><datafield ind1=" " ind2=" " tag="035"><subfield code="a">(EXLNZ-41SLSP_NETWORK)991123771879705501</subfield></datafield><datafield ind1=" " ind2=" " tag="040"><subfield code="a">RERO geucmu</subfield><subfield code="d">CH-ZuSLS</subfield></datafield><datafield ind1=" " ind2="7" tag="072"><subfield code="a">me</subfield><subfield code="2">rero</subfield></datafield><datafield ind1="0" ind2="0" tag="082"><subfield code="a">599/.031</subfield><subfield code="2">20</subfield></datafield><datafield ind1="0" ind2="4" tag="082"><subfield code="a">599.0824</subfield><subfield code="2">20</subfield></datafield><datafield ind1="0" ind2="4" tag="082"><subfield code="a">599'.031</subfield></datafield><datafield ind1="1" ind2="4" tag="082"><subfield code="a">612.34</subfield><subfield code="2">22</subfield></datafield><datafield ind1="0" ind2="0" tag="245"><subfield code="a">Molecular biology and physiology of insulin and insulin-like growth factors</subfield><subfield code="b">[proceedings of the Third International Symposium on Molecular and Cellular Biology of Insulin and IGFs, held October 12-14, 1990, in Gainesville, Florida]</subfield><subfield code="c">ed. by Mohan K. Raizada and Derek LeRoith</subfield></datafield><datafield ind1=" " ind2="1" tag="264"><subfield code="a">New York</subfield><subfield code="a">London</subfield><subfield code="b">Plenum Press</subfield><subfield code="c">[1991]</subfield></datafield><datafield ind1=" " ind2="4" tag="264"><subfield code="c">© 1991</subfield></datafield><datafield ind1=" " ind2=" " tag="300"><subfield code="a">XIII, 528 p.</subfield><subfield code="b">ill.</subfield><subfield code="c">26 cm</subfield></datafield><datafield ind1=" " ind2=" " tag="336"><subfield code="b">txt</subfield><subfield code="2">rdacontent</subfield></datafield><datafield ind1=" " ind2=" " tag="337"><subfield code="b">n</subfield><subfield code="2">rdamedia</subfield></datafield><datafield ind1=" " ind2=" " tag="338"><subfield code="b">nc</subfield><subfield code="2">rdacarrier</subfield></datafield><datafield ind1="1" ind2=" " tag="490"><subfield code="a">Advances in experimental medicine and biology</subfield><subfield code="v">vol. 293</subfield></datafield><datafield ind1=" " ind2=" " tag="500"><subfield code="a">Congrès de médecine. Gainesville. 1990</subfield></datafield><datafield ind1=" " ind2=" " tag="500"><subfield code="a">Proceedings of the Third International Symposium on Molecular and Cellular Biology of Insulin and IGFs, held October 12-14, 1990, in Gainesville, Florida</subfield></datafield><datafield ind1=" " ind2=" " tag="504"><subfield code="a">Literaturverz.</subfield></datafield><datafield ind1=" " ind2="2" tag="650"><subfield code="a">Insulin</subfield><subfield code="x">physiology</subfield></datafield><datafield ind1=" " ind2="2" tag="650"><subfield code="a">Insulin-Like Growth Factor I</subfield><subfield code="x">physiology</subfield></datafield><datafield ind1=" " ind2="2" tag="650"><subfield code="a">Insulin-Like Growth Factor II</subfield><subfield code="x">physiology</subfield></datafield><datafield ind1=" " ind2="2" tag="650"><subfield code="a">Receptors, Insulin</subfield></datafield><datafield ind1=" " ind2="2" tag="650"><subfield code="a">Central Nervous System</subfield><subfield code="x">physiology</subfield></datafield><datafield ind1=" " ind2="7" tag="650"><subfield code="a">Insulin</subfield><subfield code="2">idszbz</subfield></datafield><datafield ind1=" " ind2="7" tag="650"><subfield code="a">Insulin-like Growth Factor</subfield><subfield code="2">idszbz</subfield></datafield><datafield ind1=" " ind2="7" tag="650"><subfield code="a">Physiologie</subfield><subfield code="2">idszbz</subfield></datafield><datafield ind1=" " ind2="7" tag="650"><subfield code="a">Somatomedine</subfield><subfield code="2">idszbz</subfield></datafield><datafield ind1=" " ind2="7" tag="650"><subfield code="a">Insulin-like Growth Factor</subfield><subfield code="0">(DE-588)4258771-2</subfield><subfield code="2">gnd</subfield></datafield><datafield ind1=" " ind2="7" tag="650"><subfield code="a">Kongress</subfield><subfield code="0">(DE-588)4130470-6</subfield><subfield code="2">gnd</subfield></datafield><datafield ind1=" " ind2="7" tag="650"><subfield code="a">Molekularbiologie</subfield><subfield code="0">(DE-588)4039983-7</subfield><subfield code="2">gnd</subfield></datafield><datafield ind1=" " ind2="7" tag="650"><subfield code="a">Physiologie</subfield><subfield code="0">(DE-588)4045981-0</subfield><subfield code="2">gnd</subfield></datafield><datafield ind1=" " ind2="0" tag="650"><subfield code="a">Insulin-like growth factor-binding proteins</subfield><subfield code="v">Congresses</subfield></datafield><datafield ind1=" " ind2="0" tag="650"><subfield code="a">Insulin</subfield><subfield code="x">Mechanism of action</subfield><subfield code="v">Congresses</subfield></datafield><datafield ind1=" " ind2="0" tag="650"><subfield code="a">Somatomedin</subfield><subfield code="x">Mechanism of action</subfield><subfield code="v">Congresses</subfield></datafield><datafield ind1=" " ind2="7" tag="650"><subfield code="a">INSULIN (HORMONE)</subfield><subfield code="9">ger</subfield><subfield code="0">(ETHUDK)000022729</subfield><subfield code="2">ethudk</subfield></datafield><datafield ind1=" " ind2="7" tag="650"><subfield code="a">INSULINREZEPTOREN (HORMONREZEPTOREN)</subfield><subfield code="9">ger</subfield><subfield code="0">(ETHUDK)000041163</subfield><subfield code="2">ethudk</subfield></datafield><datafield ind1=" " ind2="7" tag="650"><subfield code="a">INSULINÄHNLICHE WACHSTUMSFAKTOREN + SOMATOMEDINE (BIOCHEMIE)</subfield><subfield code="9">ger</subfield><subfield code="0">(ETHUDK)000022686</subfield><subfield code="2">ethudk</subfield></datafield><datafield ind1=" " ind2="7" tag="650"><subfield code="a">WACHSTUMSFAKTORREZEPTOREN (BIOCHEMIE)</subfield><subfield code="9">ger</subfield><subfield code="0">(ETHUDK)000044971</subfield><subfield code="2">ethudk</subfield></datafield><datafield ind1=" " ind2="2" tag="655"><subfield code="a">Congress</subfield></datafield><datafield ind1=" " ind2="7" tag="655"><subfield code="a">Aufsatzsammlung</subfield><subfield code="2">idszbz</subfield></datafield><datafield ind1=" " ind2="7" tag="655"><subfield code="a">Konferenzschrift</subfield><subfield code="z">Gainesville (FL)</subfield><subfield code="y">1990</subfield><subfield code="2">gnd-content</subfield></datafield><datafield ind1="1" ind2=" " tag="700"><subfield code="a">Raizada, Mohan K</subfield><subfield code="0">(IDREF)032777221</subfield></datafield><datafield ind1="2" ind2=" " tag="711"><subfield code="a">International Symposium on Molecular and Cellular Biology of Insulin and IGFs</subfield><subfield code="0">(DE-588)1091983003</subfield></datafield><datafield ind1="2" ind2=" " tag="711"><subfield code="a">International Symposium on Molecular and Cellular Biology of Insulin and IGFs</subfield><subfield code="n">3</subfield><subfield code="d">1990</subfield><subfield code="c">Gainesville</subfield><subfield code="0">(RERO)A012394630</subfield></datafield><datafield ind1=" " ind2="0" tag="830"><subfield code="a">Advances in experimental medicine and biology</subfield><subfield code="v">293</subfield><subfield code="w">(NEBIS)000988792EBI01</subfield></datafield><datafield ind1=" " ind2=" " tag="900"><subfield code="a">REROnoselfmerge</subfield></datafield></record>
</metadata></record>