<record><header><identifier>oai:alma.41SLSP_UGE:991000774129705502</identifier><datestamp>2024-03-01T01:18:56Z</datestamp><setSpec>uge_bcen_RapidILL_BOOK</setSpec><setSpec>uge_aaca_RapidILL_BOOK</setSpec><setSpec>uge_abels_RapidILL_BOOK</setSpec><setSpec>uge_dbu_RapidILL_BOOK</setSpec><setSpec>uge_cmu_RapidILL_BOOK</setSpec><setSpec>uge_mail_RapidILL_BOOK</setSpec><setSpec>uge_abbat_RapidILL_BOOK</setSpec><setSpec>UNIGE_ALL</setSpec><setSpec>uge_acar_RapidILL_BOOK</setSpec><setSpec>uge_aobs_RapidILL_BOOK</setSpec></header><metadata>
<record xmlns="http://www.loc.gov/MARC21/slim" xmlns:xsi="http://www.w3.org/2001/XMLSchema-instance" xsi:schemaLocation="http://www.loc.gov/MARC21/slim http://www.loc.gov/standards/marcxml/schema/MARC21slim.xsd"><leader>02694nam a2200661 c 4500</leader><controlfield tag="001">991000774129705502</controlfield><controlfield tag="005">20240229123841.0</controlfield><controlfield tag="008">201012s2015    gw            00| | ger| </controlfield><datafield ind1=" " ind2=" " tag="015"><subfield code="a">15,N07</subfield><subfield code="2">dnb</subfield></datafield><datafield ind1="7" ind2=" " tag="016"><subfield code="a">1066216754</subfield><subfield code="2">DE-101</subfield></datafield><datafield ind1=" " ind2=" " tag="020"><subfield code="a">9783861105565</subfield></datafield><datafield ind1=" " ind2=" " tag="035"><subfield code="a">(swissbib)234929502-41slsp_network</subfield></datafield><datafield ind1=" " ind2=" " tag="035"><subfield code="a">234929502</subfield><subfield code="9">ExL</subfield></datafield><datafield ind1=" " ind2=" " tag="035"><subfield code="a">(NEBIS)010539423EBI01</subfield></datafield><datafield ind1=" " ind2=" " tag="035"><subfield code="a">(RERO)R008347895-41slsp</subfield></datafield><datafield ind1=" " ind2=" " tag="035"><subfield code="a">(IDSBB)006422550DSV01</subfield></datafield><datafield ind1=" " ind2=" " tag="035"><subfield code="a">(DE-599)DNB1066216754</subfield></datafield><datafield ind1=" " ind2=" " tag="035"><subfield code="a">(OCoLC)903390982</subfield></datafield><datafield ind1=" " ind2=" " tag="035"><subfield code="a">(EXLNZ-41SLSP_NETWORK)991059650349705501</subfield></datafield><datafield ind1=" " ind2=" " tag="040"><subfield code="a">GWDNB</subfield><subfield code="b">ger</subfield><subfield code="e">rda</subfield><subfield code="d">CH-ZuSLS</subfield></datafield><datafield ind1="0" ind2=" " tag="041"><subfield code="a">ger</subfield></datafield><datafield ind1=" " ind2="7" tag="072"><subfield code="a">lg</subfield><subfield code="2">rero</subfield></datafield><datafield ind1=" " ind2="7" tag="072"><subfield code="a">kp</subfield><subfield code="2">SzZuIDS BS/BE</subfield></datafield><datafield ind1=" " ind2="7" tag="072"><subfield code="a">ln</subfield><subfield code="2">SzZuIDS BS/BE</subfield></datafield><datafield ind1="0" ind2="4" tag="082"><subfield code="a">418.0201</subfield><subfield code="2">22</subfield></datafield><datafield ind1="1" ind2="4" tag="082"><subfield code="a">400</subfield><subfield code="2">15</subfield></datafield><datafield ind1="1" ind2="4" tag="082"><subfield code="a">800</subfield><subfield code="2">15</subfield></datafield><datafield ind1=" " ind2=" " tag="084"><subfield code="a">400</subfield><subfield code="2">sdnb</subfield></datafield><datafield ind1="0" ind2="0" tag="245"><subfield code="a">Wissenstransfer und Translation</subfield><subfield code="b">zur Breite und Tiefe des Übersetzungsbegriffs</subfield><subfield code="c">hrsg. von Alberto Gil und Robert Kirstein</subfield></datafield><datafield ind1=" " ind2="1" tag="264"><subfield code="a">St. Ingbert</subfield><subfield code="b">Röhrig Universitätsverlag</subfield><subfield code="c">2015</subfield></datafield><datafield ind1="3" ind2="1" tag="264"><subfield code="a">St. Ingbert</subfield><subfield code="b">Röhrig Universitätsverlag</subfield><subfield code="c">2015</subfield></datafield><datafield ind1=" " ind2=" " tag="300"><subfield code="a">301 S.</subfield><subfield code="c">21 cm</subfield></datafield><datafield ind1=" " ind2=" " tag="336"><subfield code="b">txt</subfield><subfield code="2">rdacontent</subfield></datafield><datafield ind1=" " ind2=" " tag="337"><subfield code="b">n</subfield><subfield code="2">rdamedia</subfield></datafield><datafield ind1=" " ind2=" " tag="338"><subfield code="b">nc</subfield><subfield code="2">rdacarrier</subfield></datafield><datafield ind1="1" ind2=" " tag="490"><subfield code="a">Hermeneutik und Kreativität</subfield><subfield code="v">Band 3</subfield></datafield><datafield ind1=" " ind2=" " tag="500"><subfield code="a">Literaturangaben</subfield></datafield><datafield ind1=" " ind2=" " tag="504"><subfield code="a">Literaturangaben</subfield></datafield><datafield ind1=" " ind2="7" tag="650"><subfield code="a">Allemand (langue)</subfield><subfield code="0">(IDREF)027789829</subfield><subfield code="2">idref</subfield></datafield><datafield ind1=" " ind2="7" tag="650"><subfield code="a">Français (langue)</subfield><subfield code="0">(IDREF)027276635</subfield><subfield code="2">idref</subfield></datafield><datafield ind1=" " ind2="7" tag="650"><subfield code="a">Traduction</subfield><subfield code="0">(IDREF)027254275</subfield><subfield code="2">idref</subfield></datafield><datafield ind1=" " ind2="7" tag="650"><subfield code="a">Langues romanes</subfield><subfield code="0">(IDREF)027471187</subfield><subfield code="2">idref</subfield></datafield><datafield ind1=" " ind2="7" tag="650"><subfield code="a">Herméneutique</subfield><subfield code="0">(IDREF)027233707</subfield><subfield code="2">idref</subfield></datafield><datafield ind1=" " ind2="7" tag="650"><subfield code="a">Linguistique historique</subfield><subfield code="0">(IDREF)027236021</subfield><subfield code="2">idref</subfield></datafield><datafield ind1=" " ind2="7" tag="650"><subfield code="a">Transfert d'apprentissage</subfield><subfield code="0">(IDREF)027412253</subfield><subfield code="2">idref</subfield></datafield><datafield ind1=" " ind2="7" tag="650"><subfield code="a">Übersetzung</subfield><subfield code="0">(DE-588)4061418-9</subfield><subfield code="2">gnd</subfield></datafield><datafield ind1=" " ind2="7" tag="650"><subfield code="a">Wissensvermittlung</subfield><subfield code="0">(DE-588)4190121-6</subfield><subfield code="2">gnd</subfield></datafield><datafield ind1=" " ind2="7" tag="655"><subfield code="a">Aufsatzsammlung</subfield><subfield code="2">gnd-content</subfield></datafield><datafield ind1="1" ind2=" " tag="700"><subfield code="a">Gil, Alberto</subfield><subfield code="d">1952-</subfield><subfield code="0">(DE-588)137028369</subfield><subfield code="e">Herausgeber</subfield><subfield code="4">edt</subfield><subfield code="6">880-02</subfield></datafield><datafield ind1="1" ind2=" " tag="880"><subfield code="a">Gil, Alberto</subfield><subfield code="0">(RERO)A003295814</subfield><subfield code="6">700-02</subfield></datafield><datafield ind1="4" ind2=" " tag="856"><subfield code="3">Titelblatt und Inhaltsverzeichnis</subfield><subfield code="u">https://toc.library.ethz.ch/objects/pdf03/z01_978-3-86110-556-5_01.pdf</subfield><subfield code="q">pdf</subfield></datafield><datafield ind1="4" ind2=" " tag="856"><subfield code="u">https://deposit.dnb.de/cgi-bin/dokserv?id=5144575&amp;prov=M&amp;dok_var=1&amp;dok_ext=htm</subfield><subfield code="z">Inhaltstext</subfield></datafield><datafield ind1=" " ind2=" " tag="830"><subfield code="a">Hermeneutik und Kreativität</subfield><subfield code="v">3</subfield><subfield code="w">(NEBIS)007604422EBI01</subfield></datafield><datafield ind1=" " ind2=" " tag="830"><subfield code="a">Hermeneutik und Kreativität</subfield><subfield code="v">3</subfield><subfield code="w">(IDSBB)006074665DSV01</subfield></datafield><datafield ind1=" " ind2=" " tag="900"><subfield code="a">IDSZ2zbzmon201605f</subfield><subfield code="c">IDSZ2hilb</subfield><subfield code="d">IDSZ2zbzswk201605g</subfield><subfield code="e">IDSZ2sima</subfield></datafield><datafield ind1=" " ind2=" " tag="900"><subfield code="a">REROnoselfmerge</subfield></datafield><datafield ind1=" " ind2=" " tag="911"><subfield code="a">700</subfield><subfield code="a">Gil, Alberto</subfield><subfield code="d">1952-</subfield></datafield><datafield ind1=" " ind2=" " tag="949"><subfield code="a">https://toc.library.ethz.ch/objects/pdf03/z01_978-3-86110-556-5_01.pdf</subfield></datafield><datafield ind1=" " ind2=" " tag="949"><subfield code="a">https://deposit.dnb.de/cgi-bin/dokserv?id=5144575&amp;prov=M&amp;dok_var=1&amp;dok_ext=htm</subfield></datafield></record>
</metadata></record><record><header status="deleted"><identifier>oai:alma.41SLSP_UGE:991000774649705502</identifier><datestamp>2023-06-15T00:11:15Z</datestamp><setSpec>uge_bcen_RapidILL_BOOK</setSpec><setSpec>uge_aaca_RapidILL_BOOK</setSpec><setSpec>uge_abels_RapidILL_BOOK</setSpec><setSpec>uge_dbu_RapidILL_BOOK</setSpec><setSpec>uge_cmu_RapidILL_BOOK</setSpec><setSpec>uge_mail_RapidILL_BOOK</setSpec><setSpec>uge_abbat_RapidILL_BOOK</setSpec><setSpec>UNIGE_ALL</setSpec><setSpec>uge_aobs_RapidILL_BOOK</setSpec><setSpec>uge_acar_RapidILL_BOOK</setSpec></header></record>