<record><header><identifier>oai:alma.41SLSP_UGE:991000774239705502</identifier><datestamp>2023-03-04T01:11:37Z</datestamp><setSpec>uge_bcen_RapidILL_BOOK</setSpec><setSpec>uge_aaca_RapidILL_BOOK</setSpec><setSpec>uge_abels_RapidILL_BOOK</setSpec><setSpec>uge_dbu_RapidILL_BOOK</setSpec><setSpec>uge_cmu_RapidILL_BOOK</setSpec><setSpec>uge_mail_RapidILL_BOOK</setSpec><setSpec>uge_abbat_RapidILL_BOOK</setSpec><setSpec>UNIGE_ALL</setSpec><setSpec>uge_acar_RapidILL_BOOK</setSpec><setSpec>uge_aobs_RapidILL_BOOK</setSpec></header><metadata>
<record xmlns="http://www.loc.gov/MARC21/slim" xmlns:xsi="http://www.w3.org/2001/XMLSchema-instance" xsi:schemaLocation="http://www.loc.gov/MARC21/slim http://www.loc.gov/standards/marcxml/schema/MARC21slim.xsd"><leader>02022nam a2200481 c 4500</leader><controlfield tag="001">991000774239705502</controlfield><controlfield tag="005">20230303210740.0</controlfield><controlfield tag="008">201011s2004    sp ||||| |||| 00| ||spa d</controlfield><datafield ind1=" " ind2=" " tag="020"><subfield code="a">8481271497</subfield></datafield><datafield ind1=" " ind2=" " tag="035"><subfield code="a">(swissbib)220602557-41slsp_network</subfield></datafield><datafield ind1=" " ind2=" " tag="035"><subfield code="a">220602557</subfield><subfield code="9">ExL</subfield></datafield><datafield ind1=" " ind2=" " tag="035"><subfield code="a">(RERO)R003967304-41slsp</subfield></datafield><datafield ind1=" " ind2=" " tag="035"><subfield code="a">(NEBIS)005015793EBI01</subfield></datafield><datafield ind1=" " ind2=" " tag="035"><subfield code="a">(EXLNZ-41SLSP_NETWORK)991102491309705501</subfield></datafield><datafield ind1=" " ind2=" " tag="040"><subfield code="a">RERO geules</subfield><subfield code="d">CH-ZuSLS</subfield></datafield><datafield ind1=" " ind2="7" tag="072"><subfield code="a">es</subfield><subfield code="2">rero</subfield></datafield><datafield ind1="0" ind2="0" tag="245"><subfield code="a">Literatura, cine y guerra civil</subfield><subfield code="b">[Huesca 11 a 14 de noviembre de 2003]</subfield><subfield code="c">Michel del Castillo... [et al.] ; introd.: José Domingo Dueñas</subfield></datafield><datafield ind1=" " ind2="1" tag="264"><subfield code="a">Huesca</subfield><subfield code="b">Instituto de estudios altoaragoneses [etc.]</subfield><subfield code="c">2003</subfield></datafield><datafield ind1=" " ind2=" " tag="300"><subfield code="a">187 p.</subfield><subfield code="b">ill.</subfield><subfield code="c">20 cm</subfield></datafield><datafield ind1=" " ind2=" " tag="336"><subfield code="b">txt</subfield><subfield code="2">rdacontent</subfield></datafield><datafield ind1=" " ind2=" " tag="337"><subfield code="b">n</subfield><subfield code="2">rdamedia</subfield></datafield><datafield ind1=" " ind2=" " tag="338"><subfield code="b">nc</subfield><subfield code="2">rdacarrier</subfield></datafield><datafield ind1=" " ind2=" " tag="500"><subfield code="a">Catal. d'après la couv.</subfield></datafield><datafield ind1=" " ind2=" " tag="500"><subfield code="a">Berichte einer Tagung, die vom 11.-14. November 2003 in Huesca stattfand</subfield></datafield><datafield ind1=" " ind2="7" tag="648"><subfield code="a">Geschichte</subfield><subfield code="2">idszbz</subfield></datafield><datafield ind1=" " ind2="7" tag="650"><subfield code="a">Littérature</subfield><subfield code="0">(IDREF)027328570</subfield><subfield code="2">idref</subfield></datafield><datafield ind1=" " ind2="7" tag="650"><subfield code="a">1936-1939</subfield><subfield code="2">rero</subfield></datafield><datafield ind1=" " ind2="7" tag="650"><subfield code="a">Films documentaires</subfield><subfield code="0">(IDREF)027433420</subfield><subfield code="2">idref</subfield></datafield><datafield ind1=" " ind2="7" tag="650"><subfield code="a">Film</subfield><subfield code="2">idszbz</subfield></datafield><datafield ind1=" " ind2="7" tag="650"><subfield code="a">Literatur</subfield><subfield code="2">idszbz</subfield></datafield><datafield ind1=" " ind2="7" tag="650"><subfield code="a">Spanisch</subfield><subfield code="2">idszbz</subfield></datafield><datafield ind1=" " ind2="7" tag="650"><subfield code="a">Spanischer Bürgerkrieg</subfield><subfield code="2">idszbz</subfield></datafield><datafield ind1=" " ind2="7" tag="651"><subfield code="a">Aragon (Espagne)</subfield><subfield code="0">(IDREF)02721964X</subfield><subfield code="2">idref</subfield></datafield><datafield ind1=" " ind2="0" tag="651"><subfield code="a">Spain</subfield><subfield code="x">History</subfield><subfield code="y">Civil War, 1936-1939</subfield><subfield code="x">Literature and the war</subfield></datafield><datafield ind1=" " ind2="0" tag="651"><subfield code="a">Spain</subfield><subfield code="x">History</subfield><subfield code="y">Civil War, 1936-1939</subfield><subfield code="x">Motion pictures and the war</subfield></datafield><datafield ind1=" " ind2="7" tag="655"><subfield code="a">Actes de congrès</subfield><subfield code="0">(IDREF)02886431X</subfield><subfield code="2">idref</subfield></datafield><datafield ind1=" " ind2="7" tag="655"><subfield code="a">Aufsatzsammlung</subfield><subfield code="2">idszbz</subfield></datafield><datafield ind1=" " ind2="7" tag="655"><subfield code="a">Konferenzschrift</subfield><subfield code="z">Huesca</subfield><subfield code="y">2003</subfield><subfield code="2">gnd-content</subfield></datafield><datafield ind1="1" ind2=" " tag="700"><subfield code="a">Dueñas Lorente, José Domingo</subfield><subfield code="d">1959-....</subfield><subfield code="0">(IDREF)033188777</subfield></datafield><datafield ind1="1" ind2=" " tag="700"><subfield code="a">Del Castillo, Michel</subfield><subfield code="d">1933-</subfield><subfield code="0">(DE-588)118519611</subfield><subfield code="6">880-03</subfield></datafield><datafield ind1="1" ind2=" " tag="880"><subfield code="6">700-03</subfield><subfield code="a">Del Castillo, Michel</subfield><subfield code="d">1933-....</subfield><subfield code="0">(IDREF)026818140</subfield></datafield><datafield ind1="2" ind2=" " tag="710"><subfield code="a">Instituto de Estudios Altoaragoneses (Huesca)</subfield><subfield code="b">Sesiones</subfield><subfield code="n">11-14</subfield><subfield code="d">2003</subfield><subfield code="c">Huesca</subfield><subfield code="0">(RERO)A012490243</subfield></datafield><datafield ind1=" " ind2=" " tag="900"><subfield code="a">REROnoselfmerge</subfield></datafield><datafield ind1=" " ind2=" " tag="900"><subfield code="a">IDSZ2zbzmon200511e</subfield><subfield code="c">IDSZ2baeh</subfield><subfield code="d">IDSZ2zbzswk200511b</subfield><subfield code="e">IDSZ2brua</subfield></datafield><datafield ind1=" " ind2=" " tag="993"><subfield code="a">BFLA 186965</subfield><subfield code="x">ge/ules/a/05/626</subfield><subfield code="9">LOCAL</subfield></datafield></record>
</metadata></record>