<record><header><identifier>oai:alma.41SLSP_UGE:991000774449705502</identifier><datestamp>2024-09-07T00:12:34Z</datestamp><setSpec>uge_bcen_RapidILL_BOOK</setSpec><setSpec>uge_aaca_RapidILL_BOOK</setSpec><setSpec>uge_abels_RapidILL_BOOK</setSpec><setSpec>uge_dbu_RapidILL_BOOK</setSpec><setSpec>uge_cmu_RapidILL_BOOK</setSpec><setSpec>uge_mail_RapidILL_BOOK</setSpec><setSpec>uge_abbat_RapidILL_BOOK</setSpec><setSpec>UNIGE_ALL</setSpec><setSpec>uge_aobs_RapidILL_BOOK</setSpec><setSpec>uge_acar_RapidILL_BOOK</setSpec></header><metadata>
<record xmlns="http://www.loc.gov/MARC21/slim" xmlns:xsi="http://www.w3.org/2001/XMLSchema-instance" xsi:schemaLocation="http://www.loc.gov/MARC21/slim http://www.loc.gov/standards/marcxml/schema/MARC21slim.xsd"><leader>02468nam a2200517 c 4500</leader><controlfield tag="001">991000774449705502</controlfield><controlfield tag="005">20240906115415.0</controlfield><controlfield tag="008">201012t20172017sz            00| | fre  </controlfield><datafield ind1=" " ind2=" " tag="035"><subfield code="a">(swissbib)241549205-41slsp_network</subfield></datafield><datafield ind1=" " ind2=" " tag="035"><subfield code="a">241549205</subfield><subfield code="9">ExL</subfield></datafield><datafield ind1=" " ind2=" " tag="035"><subfield code="a">(NEBIS)010872694EBI01</subfield></datafield><datafield ind1=" " ind2=" " tag="035"><subfield code="a">(RERO)R008625123-41slsp</subfield></datafield><datafield ind1=" " ind2=" " tag="035"><subfield code="a">(EXLNZ-41SLSP_NETWORK)991004957209705501</subfield></datafield><datafield ind1=" " ind2=" " tag="040"><subfield code="a">SzZuIDS NEBIS HES-EHL</subfield><subfield code="b">fre</subfield><subfield code="e">rda</subfield><subfield code="d">CH-ZuSLS</subfield></datafield><datafield ind1=" " ind2=" " tag="044"><subfield code="a">sz</subfield><subfield code="c">ch-zh</subfield></datafield><datafield ind1=" " ind2="7" tag="072"><subfield code="a">ss</subfield><subfield code="2">rero</subfield></datafield><datafield ind1="1" ind2=" " tag="100"><subfield code="6">880-01</subfield><subfield code="a">Banon, Patrick</subfield><subfield code="d">1953-</subfield><subfield code="0">(DE-588)141808764</subfield><subfield code="e">auteur</subfield><subfield code="4">aut</subfield></datafield><datafield ind1="1" ind2=" " tag="880"><subfield code="6">100-01</subfield><subfield code="a">Banon, Patrick</subfield><subfield code="d">1953-....</subfield><subfield code="0">(IDREF)057703566</subfield></datafield><datafield ind1="1" ind2="0" tag="245"><subfield code="a">&lt;&lt;La&gt;&gt; diversité religieuse en entreprise</subfield><subfield code="b">comment la gérer au quotidien</subfield><subfield code="c">Patrick Banon, Olivier Bigler, Luc Gonin et Alain Max Guénette</subfield></datafield><datafield ind1=" " ind2="1" tag="264"><subfield code="a">Zurich</subfield><subfield code="b">Jobindex media ag</subfield><subfield code="c">[2017]</subfield></datafield><datafield ind1=" " ind2="4" tag="264"><subfield code="c">©2017</subfield></datafield><datafield ind1=" " ind2=" " tag="300"><subfield code="a">37 pages</subfield><subfield code="b">illustrations</subfield></datafield><datafield ind1=" " ind2=" " tag="336"><subfield code="b">txt</subfield><subfield code="2">rdacontent</subfield></datafield><datafield ind1=" " ind2=" " tag="337"><subfield code="b">n</subfield><subfield code="2">rdamedia</subfield></datafield><datafield ind1=" " ind2=" " tag="338"><subfield code="b">nc</subfield><subfield code="2">rdacarrier</subfield></datafield><datafield ind1="1" ind2=" " tag="490"><subfield code="a">Dossier HRM</subfield><subfield code="v">No 45</subfield></datafield><datafield ind1=" " ind2="7" tag="650"><subfield code="a">DROIT POSITIF + LOIS + NORMES LÉGALES (DROIT)</subfield><subfield code="9">fre</subfield><subfield code="0">(ETHUDK)000010980</subfield><subfield code="2">ethudk</subfield></datafield><datafield ind1=" " ind2="7" tag="650"><subfield code="a">GESTION DES RESSOURCES HUMAINES</subfield><subfield code="9">fre</subfield><subfield code="0">(ETHUDK)000032548</subfield><subfield code="2">ethudk</subfield></datafield><datafield ind1=" " ind2="7" tag="650"><subfield code="a">GESTION INTERCULTURELLE + GESTION DE LA DIVERSITÉ DU PERSONNEL (GESTION DES RESSOURCES HUMAINES)</subfield><subfield code="9">fre</subfield><subfield code="0">(ETHUDK)000063495</subfield><subfield code="2">ethudk</subfield></datafield><datafield ind1=" " ind2="7" tag="650"><subfield code="a">LIBERTÉ DE CONSCIENCE + LIBERTÉ DE RELIGION (DROIT PUBLIC)</subfield><subfield code="9">fre</subfield><subfield code="0">(ETHUDK)000039085</subfield><subfield code="2">ethudk</subfield></datafield><datafield ind1=" " ind2="7" tag="650"><subfield code="a">SUISSE (EUROPE CENTRALE). CONFÉDÉRATION SUISSE</subfield><subfield code="9">fre</subfield><subfield code="0">(ETHUDK)000004571</subfield><subfield code="2">ethudk</subfield></datafield><datafield ind1=" " ind2="7" tag="650"><subfield code="a">Diversité culturelle</subfield><subfield code="0">(IDREF)027728013</subfield><subfield code="2">idref</subfield></datafield><datafield ind1=" " ind2="7" tag="650"><subfield code="a">Gestion d'entreprise</subfield><subfield code="0">(IDREF)027228096</subfield><subfield code="2">idref</subfield></datafield><datafield ind1=" " ind2="7" tag="650"><subfield code="a">Ressources humaines</subfield><subfield code="0">(IDREF)02768315X</subfield><subfield code="2">idref</subfield></datafield><datafield ind1=" " ind2="7" tag="650"><subfield code="a">Direction du personnel</subfield><subfield code="0">(IDREF)027818691</subfield><subfield code="2">idref</subfield></datafield><datafield ind1=" " ind2="7" tag="650"><subfield code="a">Sociologie religieuse</subfield><subfield code="0">(IDREF)027496643</subfield><subfield code="2">idref</subfield></datafield><datafield ind1=" " ind2="7" tag="650"><subfield code="a">Religion</subfield><subfield code="0">(IDREF)027636895</subfield><subfield code="2">idref</subfield></datafield><datafield ind1=" " ind2="7" tag="650"><subfield code="a">Entreprises</subfield><subfield code="0">(IDREF)027467473</subfield><subfield code="2">idref</subfield></datafield><datafield ind1=" " ind2="7" tag="650"><subfield code="a">Relations humaines</subfield><subfield code="0">(IDREF)027410587</subfield><subfield code="2">idref</subfield></datafield><datafield ind1=" " ind2="7" tag="650"><subfield code="a">Morale</subfield><subfield code="0">(IDREF)027790029</subfield><subfield code="2">idref</subfield></datafield><datafield ind1=" " ind2="7" tag="650"><subfield code="a">Multiculturalisme</subfield><subfield code="0">(IDREF)027336409</subfield><subfield code="2">idref</subfield></datafield><datafield ind1=" " ind2="7" tag="655"><subfield code="a">[Études diverses]</subfield><subfield code="0">(RERO)A022249905</subfield><subfield code="2">rero</subfield></datafield><datafield ind1="1" ind2=" " tag="700"><subfield code="a">Bigler, Olivier</subfield><subfield code="d">1982-</subfield><subfield code="0">(DE-588)1138382019</subfield><subfield code="e">auteur</subfield><subfield code="4">aut</subfield></datafield><datafield ind1="1" ind2=" " tag="700"><subfield code="a">Gonin, Luc</subfield><subfield code="d">1982-</subfield><subfield code="0">(DE-588)1116517469</subfield><subfield code="e">auteur</subfield><subfield code="4">aut</subfield></datafield><datafield ind1="1" ind2=" " tag="700"><subfield code="a">Guénette, Alain Max</subfield><subfield code="e">auteur</subfield><subfield code="4">aut</subfield></datafield><datafield ind1=" " ind2=" " tag="830"><subfield code="a">Dossier HRM</subfield><subfield code="v">45</subfield><subfield code="w">(NEBIS)005157044EBI01</subfield></datafield><datafield ind1=" " ind2=" " tag="830"><subfield code="a">HRM-Dossier</subfield><subfield code="v">45</subfield><subfield code="w">(RERO)R003154396-41slsp</subfield></datafield></record>
</metadata></record>