<record><header><identifier>oai:alma.41SLSP_UGE:991000773929705502</identifier><datestamp>2024-10-17T00:10:44Z</datestamp><setSpec>uge_bcen_RapidILL_BOOK</setSpec><setSpec>uge_aaca_RapidILL_BOOK</setSpec><setSpec>uge_abels_RapidILL_BOOK</setSpec><setSpec>uge_dbu_RapidILL_BOOK</setSpec><setSpec>uge_cmu_RapidILL_BOOK</setSpec><setSpec>uge_mail_RapidILL_BOOK</setSpec><setSpec>uge_abbat_RapidILL_BOOK</setSpec><setSpec>UNIGE_ALL</setSpec><setSpec>uge_aobs_RapidILL_BOOK</setSpec><setSpec>uge_acar_RapidILL_BOOK</setSpec></header><metadata>
<record xmlns="http://www.loc.gov/MARC21/slim" xmlns:xsi="http://www.w3.org/2001/XMLSchema-instance" xsi:schemaLocation="http://www.loc.gov/MARC21/slim http://www.loc.gov/standards/marcxml/schema/MARC21slim.xsd"><leader>01113nam a2200301 c 4500</leader><controlfield tag="001">991000773929705502</controlfield><controlfield tag="005">20241016194954.0</controlfield><controlfield tag="008">201011s1957    xxu||||| |||| 00| ||eng d</controlfield><datafield ind1=" " ind2=" " tag="035"><subfield code="a">(swissbib)221080899-41slsp_network</subfield></datafield><datafield ind1=" " ind2=" " tag="035"><subfield code="a">221080899</subfield><subfield code="9">ExL</subfield></datafield><datafield ind1=" " ind2=" " tag="035"><subfield code="a">(RERO)1863796-41slsp</subfield></datafield><datafield ind1=" " ind2=" " tag="035"><subfield code="a">(IDSBB)000602139DSV01</subfield></datafield><datafield ind1=" " ind2=" " tag="035"><subfield code="a">(EXLNZ-41SLSP_NETWORK)991150937589705501</subfield></datafield><datafield ind1=" " ind2=" " tag="040"><subfield code="a">RERO geulan</subfield><subfield code="d">CH-ZuSLS</subfield></datafield><datafield ind1=" " ind2=" " tag="044"><subfield code="a">xxu</subfield><subfield code="a">xxk</subfield></datafield><datafield ind1=" " ind2="7" tag="072"><subfield code="a">an</subfield><subfield code="2">rero</subfield></datafield><datafield ind1=" " ind2="7" tag="072"><subfield code="a">an</subfield><subfield code="2">SzZuIDS BS/BE</subfield></datafield><datafield ind1="1" ind2=" " tag="100"><subfield code="a">Steffan, T. G.</subfield><subfield code="d">1910-1996</subfield><subfield code="0">(IDREF)091508533</subfield><subfield code="4">cre</subfield></datafield><datafield ind1="1" ind2="0" tag="245"><subfield code="a">&lt;&lt;The&gt;&gt; making of a masterpiece</subfield><subfield code="c">by Truman Guy Steffan</subfield></datafield><datafield ind1=" " ind2="1" tag="264"><subfield code="a">Austin</subfield><subfield code="b">University of Texas Press</subfield><subfield code="a">Edinburgh</subfield><subfield code="b">T. Nelson and Sons</subfield><subfield code="c">1957</subfield></datafield><datafield ind1=" " ind2=" " tag="300"><subfield code="a">XVI, 397 p.</subfield><subfield code="c">25 cm</subfield></datafield><datafield ind1=" " ind2=" " tag="336"><subfield code="b">txt</subfield><subfield code="2">rdacontent</subfield></datafield><datafield ind1=" " ind2=" " tag="337"><subfield code="b">n</subfield><subfield code="2">rdamedia</subfield></datafield><datafield ind1=" " ind2=" " tag="338"><subfield code="b">nc</subfield><subfield code="2">rdacarrier</subfield></datafield><datafield ind1="1" ind2=" " tag="490"><subfield code="a">Byron's Don Juan</subfield><subfield code="v">vol. 1</subfield></datafield><datafield ind1="1" ind2="7" tag="600"><subfield code="a">Byron, George Gordon</subfield><subfield code="c">(dit Lord).</subfield><subfield code="t">Don Juan - genèse</subfield><subfield code="0">(RERO)A010058784</subfield><subfield code="2">rero</subfield></datafield><datafield ind1="1" ind2=" " tag="800"><subfield code="a">Byron, George Gordon Byron</subfield><subfield code="c">baron</subfield><subfield code="d">1788-1824</subfield><subfield code="t">Byron's Don Juan</subfield><subfield code="v">1</subfield></datafield><datafield ind1="1" ind2=" " tag="800"><subfield code="a">Byron, George Gordon Byron</subfield><subfield code="c">Baron</subfield><subfield code="d">1788-1824</subfield><subfield code="t">Don Juan</subfield><subfield code="v">1</subfield><subfield code="w">(IDSBB)000212015DSV01</subfield></datafield><datafield ind1=" " ind2=" " tag="900"><subfield code="a">REROnoselfmerge</subfield></datafield></record>
</metadata></record>