<record><header><identifier>oai:alma.41SLSP_UGE:991000774639705502</identifier><datestamp>2023-03-01T01:09:55Z</datestamp><setSpec>uge_bcen_RapidILL_BOOK</setSpec><setSpec>uge_aaca_RapidILL_BOOK</setSpec><setSpec>uge_abels_RapidILL_BOOK</setSpec><setSpec>uge_dbu_RapidILL_BOOK</setSpec><setSpec>uge_cmu_RapidILL_BOOK</setSpec><setSpec>uge_mail_RapidILL_BOOK</setSpec><setSpec>uge_abbat_RapidILL_BOOK</setSpec><setSpec>UNIGE_ALL</setSpec><setSpec>uge_aobs_RapidILL_BOOK</setSpec><setSpec>uge_acar_RapidILL_BOOK</setSpec></header><metadata>
<record xmlns="http://www.loc.gov/MARC21/slim" xmlns:xsi="http://www.w3.org/2001/XMLSchema-instance" xsi:schemaLocation="http://www.loc.gov/MARC21/slim http://www.loc.gov/standards/marcxml/schema/MARC21slim.xsd"><leader>02217nam a22006017c 4500</leader><controlfield tag="001">991000774639705502</controlfield><controlfield tag="005">20230228191448.0</controlfield><controlfield tag="008">201011s2002    gw ||||| |||| 00| ||ger d</controlfield><datafield ind1=" " ind2=" " tag="015"><subfield code="a">GFR-CIP-01,N43</subfield><subfield code="a">DNB-01,N43,0614</subfield></datafield><datafield ind1="7" ind2=" " tag="016"><subfield code="a">962744549</subfield><subfield code="2">GyFmDB</subfield></datafield><datafield ind1=" " ind2=" " tag="020"><subfield code="a">3110172437</subfield><subfield code="q">kart.</subfield><subfield code="c">EUR 24.95, sfr 45.00</subfield></datafield><datafield ind1=" " ind2=" " tag="035"><subfield code="a">(swissbib)217180477-41slsp_network</subfield></datafield><datafield ind1=" " ind2=" " tag="035"><subfield code="a">217180477</subfield><subfield code="9">ExL</subfield></datafield><datafield ind1=" " ind2=" " tag="035"><subfield code="a">(RERO)R003201197-41slsp</subfield></datafield><datafield ind1=" " ind2=" " tag="035"><subfield code="a">(IDSBB)002435120DSV01</subfield></datafield><datafield ind1=" " ind2=" " tag="035"><subfield code="a">(NEBIS)004458957EBI01</subfield></datafield><datafield ind1=" " ind2=" " tag="035"><subfield code="a">(IDSLU)000466746ILU01</subfield></datafield><datafield ind1=" " ind2=" " tag="035"><subfield code="a">(DDB)962744549</subfield></datafield><datafield ind1=" " ind2=" " tag="035"><subfield code="a">(EXLNZ-41SLSP_NETWORK)991123053209705501</subfield></datafield><datafield ind1=" " ind2=" " tag="040"><subfield code="a">RERO geulsa</subfield><subfield code="d">CH-ZuSLS</subfield></datafield><datafield ind1=" " ind2="7" tag="072"><subfield code="a">lg</subfield><subfield code="2">rero</subfield></datafield><datafield ind1=" " ind2="7" tag="072"><subfield code="a">ig</subfield><subfield code="2">SzZuIDS BS/BE</subfield></datafield><datafield ind1=" " ind2="7" tag="072"><subfield code="a">520</subfield><subfield code="2">IDS LU</subfield></datafield><datafield ind1="0" ind2="4" tag="082"><subfield code="a">491</subfield></datafield><datafield ind1="0" ind2="4" tag="082"><subfield code="a">830.7</subfield></datafield><datafield ind1=" " ind2=" " tag="084"><subfield code="a">58</subfield><subfield code="2">sdnb</subfield></datafield><datafield ind1=" " ind2=" " tag="084"><subfield code="a">EU 700</subfield><subfield code="2">rvk</subfield></datafield><datafield ind1=" " ind2=" " tag="084"><subfield code="a">EU 720</subfield><subfield code="2">rvk</subfield></datafield><datafield ind1="1" ind2=" " tag="100"><subfield code="6">880-01</subfield><subfield code="a">Meier-Brügger, Michael</subfield><subfield code="c">linguiste</subfield><subfield code="d">1948-....</subfield><subfield code="0">(IDREF)027207137</subfield><subfield code="4">cre</subfield></datafield><datafield ind1="1" ind2=" " tag="880"><subfield code="a">Meier-Brügger, Michael</subfield><subfield code="d">1948-</subfield><subfield code="0">(DE-588)121936678</subfield><subfield code="6">100-01</subfield></datafield><datafield ind1="1" ind2="0" tag="245"><subfield code="a">Indogermanische Sprachwissenschaft</subfield><subfield code="c">Michael Meier-Brügger ... ...</subfield></datafield><datafield ind1=" " ind2=" " tag="250"><subfield code="a">8., überarb. und erg. Aufl. der früheren Darstellung</subfield><subfield code="b">von Hans Krahe</subfield></datafield><datafield ind1=" " ind2="1" tag="264"><subfield code="a">Berlin</subfield><subfield code="b">W. de Gruyter</subfield><subfield code="c">2002</subfield></datafield><datafield ind1=" " ind2=" " tag="300"><subfield code="a">XCVI, 316 S.</subfield><subfield code="c">23 cm</subfield></datafield><datafield ind1=" " ind2=" " tag="336"><subfield code="b">txt</subfield><subfield code="2">rdacontent</subfield></datafield><datafield ind1=" " ind2=" " tag="337"><subfield code="b">n</subfield><subfield code="2">rdamedia</subfield></datafield><datafield ind1=" " ind2=" " tag="338"><subfield code="b">nc</subfield><subfield code="2">rdacarrier</subfield></datafield><datafield ind1="1" ind2=" " tag="490"><subfield code="a">De-Gruyter-Studienbuch</subfield></datafield><datafield ind1=" " ind2="7" tag="650"><subfield code="a">Langues indo-européennes</subfield><subfield code="0">(IDREF)027236293</subfield><subfield code="2">idref</subfield></datafield><datafield ind1=" " ind2="7" tag="650"><subfield code="a">Indogermanische Sprachen</subfield><subfield code="v">0 Gesamtdarstellung</subfield><subfield code="2">idsbb</subfield></datafield><datafield ind1=" " ind2="7" tag="650"><subfield code="a">Linguistik</subfield><subfield code="0">(DE-588)4074250-7</subfield><subfield code="2">gnd</subfield></datafield><datafield ind1=" " ind2="7" tag="650"><subfield code="a">Indogermanisch</subfield><subfield code="0">(DE-588)4120204-1</subfield><subfield code="2">gnd</subfield></datafield><datafield ind1=" " ind2="7" tag="650"><subfield code="a">Indogermanische Sprachen</subfield><subfield code="2">idszbz</subfield></datafield><datafield ind1=" " ind2="0" tag="650"><subfield code="a">Indo-European languages</subfield><subfield code="x">Grammar</subfield></datafield><datafield ind1=" " ind2="7" tag="650"><subfield code="a">Indogermanische Sprachen</subfield><subfield code="0">(DE-588)4114006-0</subfield><subfield code="2">gnd</subfield></datafield><datafield ind1=" " ind2="7" tag="655"><subfield code="a">Lehrbuch</subfield><subfield code="2">idszbz</subfield></datafield><datafield ind1=" " ind2="7" tag="655"><subfield code="a">Lehrbuch</subfield><subfield code="2">gnd-content</subfield></datafield><datafield ind1=" " ind2="7" tag="655"><subfield code="a">Einführung</subfield><subfield code="2">gnd-content</subfield></datafield><datafield ind1="1" ind2=" " tag="700"><subfield code="a">Fritz, Matthias Andreas</subfield><subfield code="d">1968-</subfield><subfield code="0">(DE-588)121279537</subfield></datafield><datafield ind1="1" ind2=" " tag="700"><subfield code="a">Fritz, Matthias</subfield></datafield><datafield ind1="1" ind2=" " tag="700"><subfield code="a">Krahe, Hans</subfield><subfield code="d">1898-1965</subfield><subfield code="0">(IDREF)061058556</subfield></datafield><datafield ind1=" " ind2=" " tag="830"><subfield code="a">De Gruyter Studienbuch</subfield><subfield code="w">(RERO)0622427-41slsp</subfield></datafield><datafield ind1=" " ind2=" " tag="900"><subfield code="a">REROnoselfmerge</subfield></datafield><datafield ind1=" " ind2=" " tag="900"><subfield code="a">IDSZ2zbzmon200302f</subfield><subfield code="c">IDSZ2werm</subfield><subfield code="d">IDSZ2zbzswk200302b</subfield><subfield code="e">IDSZ2boxm</subfield></datafield></record>
</metadata></record>