<record><header><identifier>oai:alma.41SLSP_UGE:991000774329705502</identifier><datestamp>2023-04-11T00:12:24Z</datestamp><setSpec>uge_bcen_RapidILL_BOOK</setSpec><setSpec>uge_aaca_RapidILL_BOOK</setSpec><setSpec>uge_abels_RapidILL_BOOK</setSpec><setSpec>uge_dbu_RapidILL_BOOK</setSpec><setSpec>uge_cmu_RapidILL_BOOK</setSpec><setSpec>uge_mail_RapidILL_BOOK</setSpec><setSpec>uge_abbat_RapidILL_BOOK</setSpec><setSpec>UNIGE_ALL</setSpec><setSpec>uge_aobs_RapidILL_BOOK</setSpec><setSpec>uge_acar_RapidILL_BOOK</setSpec></header><metadata>
<record xmlns="http://www.loc.gov/MARC21/slim" xmlns:xsi="http://www.w3.org/2001/XMLSchema-instance" xsi:schemaLocation="http://www.loc.gov/MARC21/slim http://www.loc.gov/standards/marcxml/schema/MARC21slim.xsd"><leader>02656nam a2200529 c 4500</leader><controlfield tag="001">991000774329705502</controlfield><controlfield tag="005">20230410192840.0</controlfield><controlfield tag="008">201012s2012    xxu||||| |||| 10| ||eng d</controlfield><datafield ind1=" " ind2=" " tag="020"><subfield code="a">0821869000</subfield><subfield code="q">alk. paper</subfield></datafield><datafield ind1=" " ind2=" " tag="020"><subfield code="a">9780821869000</subfield><subfield code="q">alk. paper</subfield></datafield><datafield ind1=" " ind2=" " tag="035"><subfield code="a">(swissbib)235276553-41slsp_network</subfield></datafield><datafield ind1=" " ind2=" " tag="035"><subfield code="a">235276553</subfield><subfield code="9">ExL</subfield></datafield><datafield ind1=" " ind2=" " tag="035"><subfield code="a">(RERO)R007174104-41slsp</subfield></datafield><datafield ind1=" " ind2=" " tag="035"><subfield code="a">(NEBIS)007324197EBI01</subfield></datafield><datafield ind1=" " ind2=" " tag="035"><subfield code="a">(EXLNZ-41SLSP_NETWORK)991092256629705501</subfield></datafield><datafield ind1=" " ind2=" " tag="040"><subfield code="a">LVB</subfield><subfield code="d">CH-ZuSLS</subfield></datafield><datafield ind1=" " ind2="0" tag="050"><subfield code="a">QA351</subfield><subfield code="b">.I58 2010</subfield></datafield><datafield ind1=" " ind2="7" tag="072"><subfield code="a">ma</subfield><subfield code="2">rero</subfield></datafield><datafield ind1="0" ind2="0" tag="082"><subfield code="a">515/.56</subfield><subfield code="2">23</subfield></datafield><datafield ind1=" " ind2=" " tag="084"><subfield code="a">10</subfield><subfield code="2">msc</subfield></datafield><datafield ind1="0" ind2="0" tag="245"><subfield code="a">Zeta functions in algebra and geometry</subfield><subfield code="b">second International Workshop, May 3-7, 2010, Universitat de les Illes Balears, Palma de Mallorca, Spain</subfield><subfield code="c">Antonio Campillo ... [et al.], eds.</subfield></datafield><datafield ind1=" " ind2="1" tag="264"><subfield code="a">Providence R.I.</subfield><subfield code="b">American Mathematical Society</subfield><subfield code="a">[Madrid]</subfield><subfield code="b">Real Sociedad Matematica Espanola</subfield><subfield code="c">2012</subfield></datafield><datafield ind1=" " ind2=" " tag="300"><subfield code="a">xvi, 344 p.</subfield><subfield code="b">ill.</subfield></datafield><datafield ind1=" " ind2=" " tag="336"><subfield code="b">txt</subfield><subfield code="2">rdacontent</subfield></datafield><datafield ind1=" " ind2=" " tag="337"><subfield code="b">n</subfield><subfield code="2">rdamedia</subfield></datafield><datafield ind1=" " ind2=" " tag="338"><subfield code="b">nc</subfield><subfield code="2">rdacarrier</subfield></datafield><datafield ind1="1" ind2=" " tag="490"><subfield code="a">Contemporary mathematics</subfield><subfield code="v">566</subfield></datafield><datafield ind1=" " ind2=" " tag="504"><subfield code="a">Bibliogr.</subfield></datafield><datafield ind1=" " ind2="7" tag="650"><subfield code="a">Fonctions zêta</subfield><subfield code="0">(IDREF)031709117</subfield><subfield code="2">idref</subfield></datafield><datafield ind1=" " ind2="7" tag="650"><subfield code="a">Géométrie algébrique</subfield><subfield code="0">(IDREF)027228002</subfield><subfield code="2">idref</subfield></datafield><datafield ind1=" " ind2="7" tag="650"><subfield code="a">Variétés algébriques</subfield><subfield code="0">(IDREF)027255093</subfield><subfield code="2">idref</subfield></datafield><datafield ind1=" " ind2="7" tag="650"><subfield code="a">EISENSTEIN-REIHEN + POINCARÉ-REIHEN (ALGEBRA)</subfield><subfield code="9">ger</subfield><subfield code="0">(ETHUDK)000012661</subfield><subfield code="2">ethudk</subfield></datafield><datafield ind1=" " ind2="7" tag="650"><subfield code="a">L-FUNKTIONEN (ZAHLENTHEORIE)</subfield><subfield code="9">ger</subfield><subfield code="0">(ETHUDK)000012764</subfield><subfield code="2">ethudk</subfield></datafield><datafield ind1=" " ind2="7" tag="650"><subfield code="a">PRÄHOMOGENE VEKTORRÄUME (ALGEBRA)</subfield><subfield code="9">ger</subfield><subfield code="0">(ETHUDK)000063823</subfield><subfield code="2">ethudk</subfield></datafield><datafield ind1=" " ind2="7" tag="650"><subfield code="a">ZETAFUNKTIONEN (ZAHLENTHEORIE)</subfield><subfield code="9">ger</subfield><subfield code="0">(ETHUDK)000012546</subfield><subfield code="2">ethudk</subfield></datafield><datafield ind1=" " ind2="7" tag="655"><subfield code="a">Actes de congrès</subfield><subfield code="0">(IDREF)02886431X</subfield><subfield code="2">idref</subfield></datafield><datafield ind1=" " ind2="7" tag="655"><subfield code="a">Konferenzschrift</subfield><subfield code="z">Palma de Mallorca</subfield><subfield code="y">2010</subfield><subfield code="2">gnd-content</subfield></datafield><datafield ind1="1" ind2=" " tag="700"><subfield code="a">Campillo, Antonio</subfield><subfield code="d">1953-</subfield><subfield code="0">(RERO)A022517972</subfield></datafield><datafield ind1="2" ind2=" " tag="711"><subfield code="a">International Workshop on Zeta Functions in Algebra and Geometry</subfield><subfield code="0">(DE-588)109246381X</subfield></datafield><datafield ind1="2" ind2=" " tag="711"><subfield code="a">International Workshop on Zeta Functions in Algebra and Geometry</subfield><subfield code="n">2</subfield><subfield code="d">2010</subfield><subfield code="c">Palma de Mallorca</subfield><subfield code="0">(RERO)A022501781</subfield></datafield><datafield ind1="4" ind2=" " tag="856"><subfield code="3">Titelblatt und Inhaltsverzeichnis</subfield><subfield code="u">https://toc.library.ethz.ch/objects/pdf/e01_978-0-8218-6900-0_01.pdf</subfield><subfield code="q">pdf</subfield></datafield><datafield ind1="4" ind2=" " tag="856"><subfield code="3">Abstract / Autoreninformation</subfield><subfield code="u">https://toc.library.ethz.ch/objects/pdf/e01_978-0-8218-6900-0_02.pdf</subfield><subfield code="q">pdf</subfield></datafield><datafield ind1=" " ind2=" " tag="830"><subfield code="a">Contemporary mathematics</subfield><subfield code="p">American Mathematical Society</subfield><subfield code="v">566</subfield><subfield code="w">(RERO)0588732-41slsp</subfield></datafield><datafield ind1=" " ind2=" " tag="830"><subfield code="a">Contemporary mathematics</subfield><subfield code="v">566</subfield><subfield code="w">(NEBIS)000016372EBI01</subfield></datafield><datafield ind1=" " ind2=" " tag="900"><subfield code="a">REROnoselfmerge</subfield></datafield><datafield ind1=" " ind2=" " tag="910"><subfield code="a">OCoLC</subfield><subfield code="b">20121101</subfield><subfield code="c">Droits réservés</subfield></datafield><datafield ind1=" " ind2=" " tag="949"><subfield code="a">https://toc.library.ethz.ch/objects/pdf/e01_978-0-8218-6900-0_01.pdf</subfield></datafield><datafield ind1=" " ind2=" " tag="949"><subfield code="a">https://toc.library.ethz.ch/objects/pdf/e01_978-0-8218-6900-0_02.pdf</subfield></datafield></record>
</metadata></record>