<record><header><identifier>oai:alma.41SLSP_UGE:991000773909705502</identifier><datestamp>2023-03-01T01:09:55Z</datestamp><setSpec>uge_bcen_RapidILL_BOOK</setSpec><setSpec>uge_aaca_RapidILL_BOOK</setSpec><setSpec>uge_abels_RapidILL_BOOK</setSpec><setSpec>uge_dbu_RapidILL_BOOK</setSpec><setSpec>uge_cmu_RapidILL_BOOK</setSpec><setSpec>uge_mail_RapidILL_BOOK</setSpec><setSpec>UNIGE_ALL</setSpec><setSpec>uge_abbat_RapidILL_BOOK</setSpec><setSpec>uge_aobs_RapidILL_BOOK</setSpec><setSpec>uge_acar_RapidILL_BOOK</setSpec></header><metadata>
<record xmlns="http://www.loc.gov/MARC21/slim" xmlns:xsi="http://www.w3.org/2001/XMLSchema-instance" xsi:schemaLocation="http://www.loc.gov/MARC21/slim http://www.loc.gov/standards/marcxml/schema/MARC21slim.xsd"><leader>01180nam a22002652c 4500</leader><controlfield tag="001">991000773909705502</controlfield><controlfield tag="005">20211112132428.0</controlfield><controlfield tag="008">181220s2002    sz ||||| |||| 10| ||fre d</controlfield><datafield ind1=" " ind2=" " tag="035"><subfield code="a">(swissbib)125362781-41slsp_network</subfield></datafield><datafield ind1=" " ind2=" " tag="035"><subfield code="a">125362781</subfield><subfield code="9">ExL</subfield></datafield><datafield ind1=" " ind2=" " tag="035"><subfield code="a">(RERO)R008879933-41slsp</subfield></datafield><datafield ind1=" " ind2=" " tag="035"><subfield code="a">(EXLNZ-41SLSP_NETWORK)991107724649705501</subfield></datafield><datafield ind1=" " ind2=" " tag="040"><subfield code="a">RERO laels-</subfield><subfield code="b">fre</subfield><subfield code="d">CH-ZuSLS</subfield></datafield><datafield ind1=" " ind2="7" tag="072"><subfield code="a">me</subfield><subfield code="2">rero</subfield></datafield><datafield ind1="0" ind2="0" tag="245"><subfield code="a">&lt;&lt;La&gt;&gt; santé</subfield><subfield code="b">un bien comme un autre ou un droit de l'homme? : [journée médecine et Droits de l'homme 2002, 20 septembre 2002]</subfield><subfield code="c">Organisation mondiale de la santé ; Hôpitaux universitaire de Genève ; Université de Genève, Faculté de médecine</subfield></datafield><datafield ind1=" " ind2="1" tag="264"><subfield code="a">Genève</subfield><subfield code="b">HUG</subfield><subfield code="c">2002</subfield></datafield><datafield ind1=" " ind2=" " tag="300"><subfield code="a">1 vol.</subfield></datafield><datafield ind1=" " ind2=" " tag="336"><subfield code="b">txt</subfield><subfield code="2">rdacontent</subfield></datafield><datafield ind1=" " ind2=" " tag="337"><subfield code="b">n</subfield><subfield code="2">rdamedia</subfield></datafield><datafield ind1=" " ind2=" " tag="338"><subfield code="b">nc</subfield><subfield code="2">rdacarrier</subfield></datafield><datafield ind1="2" ind2=" " tag="710"><subfield code="a">Hôpitaux universitaires de Genève</subfield><subfield code="4">edt</subfield><subfield code="0">(RERO)A000082666</subfield></datafield><datafield ind1="2" ind2=" " tag="710"><subfield code="a">Organisation mondiale de la santé</subfield><subfield code="4">edt</subfield><subfield code="0">(IDREF)026438496</subfield></datafield><datafield ind1="2" ind2=" " tag="710"><subfield code="a">Université de Genève</subfield><subfield code="b">Faculté de médecine</subfield><subfield code="4">edt</subfield><subfield code="0">(RERO)A000189072</subfield></datafield><datafield ind1="2" ind2=" " tag="711"><subfield code="a">Journée médecine et droits de l'homme</subfield><subfield code="d">2002</subfield><subfield code="c">Genève</subfield><subfield code="0">(RERO)A027744509</subfield></datafield><datafield ind1=" " ind2=" " tag="900"><subfield code="a">REROnoselfmerge</subfield></datafield><datafield ind1=" " ind2=" " tag="910"><subfield code="a">OCoLC</subfield><subfield code="b">20181220</subfield><subfield code="c">Réutilisation sous conditions: Licence ODC-BY</subfield></datafield></record>
</metadata></record>