<record><header><identifier>oai:alma.41SLSP_UGE:991000774439705502</identifier><datestamp>2023-04-14T00:13:28Z</datestamp><setSpec>uge_bcen_RapidILL_BOOK</setSpec><setSpec>uge_aaca_RapidILL_BOOK</setSpec><setSpec>uge_abels_RapidILL_BOOK</setSpec><setSpec>uge_dbu_RapidILL_BOOK</setSpec><setSpec>uge_cmu_RapidILL_BOOK</setSpec><setSpec>uge_mail_RapidILL_BOOK</setSpec><setSpec>uge_abbat_RapidILL_BOOK</setSpec><setSpec>UNIGE_ALL</setSpec><setSpec>uge_acar_RapidILL_BOOK</setSpec><setSpec>uge_aobs_RapidILL_BOOK</setSpec></header><metadata>
<record xmlns="http://www.loc.gov/MARC21/slim" xmlns:xsi="http://www.w3.org/2001/XMLSchema-instance" xsi:schemaLocation="http://www.loc.gov/MARC21/slim http://www.loc.gov/standards/marcxml/schema/MARC21slim.xsd"><leader>03619nam a2200769 c 4500</leader><controlfield tag="001">991000774439705502</controlfield><controlfield tag="005">20230413234947.0</controlfield><controlfield tag="008">201011s2004    xxk           00| | eng|d</controlfield><datafield ind1=" " ind2=" " tag="015"><subfield code="a">GBA524616</subfield><subfield code="2">bnb</subfield></datafield><datafield ind1=" " ind2=" " tag="020"><subfield code="a">9780334029663</subfield></datafield><datafield ind1=" " ind2=" " tag="020"><subfield code="a">033402966X</subfield><subfield code="q">pbk.</subfield><subfield code="c">£19.99</subfield></datafield><datafield ind1=" " ind2=" " tag="035"><subfield code="a">(swissbib)226340457-41slsp_network</subfield></datafield><datafield ind1=" " ind2=" " tag="035"><subfield code="a">226340457</subfield><subfield code="9">ExL</subfield></datafield><datafield ind1=" " ind2=" " tag="035"><subfield code="a">(IDSBB)003625490DSV01</subfield></datafield><datafield ind1=" " ind2=" " tag="035"><subfield code="a">(RERO)R008933293-41slsp</subfield></datafield><datafield ind1=" " ind2=" " tag="035"><subfield code="a">(NEBIS)004951750EBI01</subfield></datafield><datafield ind1=" " ind2=" " tag="035"><subfield code="a">(EXLNZ-41SLSP_NETWORK)991081728749705501</subfield></datafield><datafield ind1=" " ind2=" " tag="040"><subfield code="a">Uk</subfield><subfield code="e">kids</subfield><subfield code="d">CH-ZuSLS</subfield></datafield><datafield ind1=" " ind2="7" tag="072"><subfield code="a">th</subfield><subfield code="2">SzZuIDS BS/BE</subfield></datafield><datafield ind1=" " ind2="7" tag="072"><subfield code="a">ph</subfield><subfield code="2">SzZuIDS BS/BE</subfield></datafield><datafield ind1=" " ind2="7" tag="072"><subfield code="a">th</subfield><subfield code="2">rero</subfield></datafield><datafield ind1="0" ind2="4" tag="082"><subfield code="a">202.118</subfield><subfield code="2">22</subfield></datafield><datafield ind1="1" ind2="4" tag="082"><subfield code="a">231.8</subfield><subfield code="2">21</subfield></datafield><datafield ind1=" " ind2=" " tag="084"><subfield code="a">CC 8500</subfield><subfield code="2">rvk</subfield></datafield><datafield ind1="1" ind2=" " tag="100"><subfield code="a">Phillips, Dewi Z.</subfield><subfield code="d">1934-2006</subfield><subfield code="0">(DE-588)119177056</subfield></datafield><datafield ind1="1" ind2="0" tag="245"><subfield code="a">&lt;&lt;The&gt;&gt; problem of evil and the problem of God</subfield><subfield code="c">D.Z. Phillips</subfield></datafield><datafield ind1=" " ind2="1" tag="264"><subfield code="a">London</subfield><subfield code="b">SCM Press</subfield><subfield code="c">2004</subfield></datafield><datafield ind1=" " ind2="4" tag="264"><subfield code="c">© 2004</subfield></datafield><datafield ind1=" " ind2=" " tag="300"><subfield code="a">xxiii, 280 pages</subfield><subfield code="c">22 cm</subfield></datafield><datafield ind1=" " ind2=" " tag="336"><subfield code="b">txt</subfield><subfield code="2">rdacontent</subfield></datafield><datafield ind1=" " ind2=" " tag="337"><subfield code="b">n</subfield><subfield code="2">rdamedia</subfield></datafield><datafield ind1=" " ind2=" " tag="338"><subfield code="b">nc</subfield><subfield code="2">rdacarrier</subfield></datafield><datafield ind1=" " ind2=" " tag="504"><subfield code="a">Includes bibliographical references and indexes</subfield></datafield><datafield ind1="0" ind2=" " tag="505"><subfield code="a">1. Logic and omnipotence. p. 3</subfield></datafield><datafield ind1="0" ind2=" " tag="505"><subfield code="a">10. Sacrifice. p. 220</subfield></datafield><datafield ind1="0" ind2=" " tag="505"><subfield code="a">11. Last things. p. 247</subfield></datafield><datafield ind1="0" ind2=" " tag="505"><subfield code="a">2. Logic and God's will. p. 22</subfield></datafield><datafield ind1="0" ind2=" " tag="505"><subfield code="a">3. God's morally insufficient reasons. p. 49</subfield></datafield><datafield ind1="0" ind2=" " tag="505"><subfield code="a">4. free-will defence. p. 95</subfield></datafield><datafield ind1="0" ind2=" " tag="505"><subfield code="a">5. God unmasked. p. 113</subfield></datafield><datafield ind1="0" ind2=" " tag="505"><subfield code="a">6. Goodbye God. p. 128</subfield></datafield><datafield ind1="0" ind2=" " tag="505"><subfield code="a">7. God, contracts and covenants. p. 147</subfield></datafield><datafield ind1="0" ind2=" " tag="505"><subfield code="a">8. God's absence and presence. p. 164</subfield></datafield><datafield ind1="0" ind2=" " tag="505"><subfield code="a">9. Faith and expectation. p. 194</subfield></datafield><datafield ind1="0" ind2=" " tag="505"><subfield code="a">Interlude : where do we go from here?</subfield></datafield><datafield ind1="0" ind2=" " tag="505"><subfield code="a">Introduction : on telling the problem of evil</subfield></datafield><datafield ind1="8" ind2=" " tag="520"><subfield code="a">&quot;This book is D.Z. Phillips' systematic attempt to discuss the problem of evil. He argues that the problem is inextricably linked to our conception of God. In an effort to distinguish between logical and existential problems of evil, that inheritance offers us distorted accounts of God's omnipotence and will. In his interlude, Phillips argues that, as a result, God is ridiculed out of existence, and found unfit to plead before the bar of decency. However, Phillips elucidates a neglected tradition in which we reach a different understanding of God's presence amidst suffering, and addresses the ultimate question of how God can be said to be with those who are crushed by life's afflictions.&quot; &quot;An ideal text for students of philosophy, religious studies and theology, but also for anyone who reflects seriously on the danger of adding to human evils by the way in which we write and think about them.&quot;--Jacket</subfield></datafield><datafield ind1=" " ind2="7" tag="650"><subfield code="a">Theodizee</subfield><subfield code="2">idsbb</subfield></datafield><datafield ind1=" " ind2="0" tag="650"><subfield code="a">Philosophy</subfield><subfield code="x">Religious aspects</subfield></datafield><datafield ind1=" " ind2="0" tag="650"><subfield code="a">Good and evil</subfield></datafield><datafield ind1=" " ind2="0" tag="650"><subfield code="a">God</subfield><subfield code="x">Proof</subfield></datafield><datafield ind1=" " ind2="0" tag="650"><subfield code="a">Theodicy</subfield></datafield><datafield ind1=" " ind2="0" tag="650"><subfield code="a">Religion</subfield><subfield code="x">Philosophy</subfield></datafield><datafield ind1=" " ind2="0" tag="650"><subfield code="a">Good and evil</subfield><subfield code="x">Religious aspects</subfield></datafield><datafield ind1=" " ind2="7" tag="650"><subfield code="a">Das Böse</subfield><subfield code="2">idszbz</subfield></datafield><datafield ind1=" " ind2="7" tag="650"><subfield code="a">Theodizee</subfield><subfield code="2">idszbz</subfield></datafield><datafield ind1=" " ind2="7" tag="650"><subfield code="a">&lt;&lt;Das&gt;&gt; Böse</subfield><subfield code="0">(DE-588)4007524-2</subfield><subfield code="2">gnd</subfield></datafield><datafield ind1=" " ind2="7" tag="650"><subfield code="a">&lt;&lt;Das&gt;&gt; Gute</subfield><subfield code="0">(DE-588)4022600-1</subfield><subfield code="2">gnd</subfield></datafield><datafield ind1=" " ind2="7" tag="650"><subfield code="a">Eigenschaft Gottes</subfield><subfield code="0">(DE-588)4232758-1</subfield><subfield code="2">gnd</subfield></datafield><datafield ind1=" " ind2="7" tag="650"><subfield code="a">Gott</subfield><subfield code="0">(DE-588)4021662-7</subfield><subfield code="2">gnd</subfield></datafield><datafield ind1=" " ind2="7" tag="650"><subfield code="a">Religionsphilosophie</subfield><subfield code="0">(DE-588)4049415-9</subfield><subfield code="2">gnd</subfield></datafield><datafield ind1=" " ind2="7" tag="650"><subfield code="a">Theodizee</subfield><subfield code="0">(DE-588)4059740-4</subfield><subfield code="2">gnd</subfield></datafield><datafield ind1=" " ind2="7" tag="650"><subfield code="a">Gottesbeweis</subfield><subfield code="2">idszbz</subfield></datafield><datafield ind1=" " ind2="7" tag="650"><subfield code="a">Gottesfrage</subfield><subfield code="2">idszbz</subfield></datafield><datafield ind1="1" ind2=" " tag="700"><subfield code="a">Phillips, Dewi Zephaniah</subfield><subfield code="0">(RERO)A003690789</subfield><subfield code="4">aut</subfield></datafield><datafield ind1="4" ind2=" " tag="856"><subfield code="3">Inhaltsverzeichnis</subfield><subfield code="u">http://www.ub.unibas.ch/tox/IDSBB/003625490/PDF</subfield><subfield code="q">pdf</subfield></datafield><datafield ind1=" " ind2=" " tag="900"><subfield code="a">IDSZ2zbzmon200509f</subfield><subfield code="c">IDSZ2kobe</subfield><subfield code="d">IDSZ2zbzswk200510b</subfield><subfield code="e">IDSZ2haag</subfield></datafield><datafield ind1=" " ind2=" " tag="949"><subfield code="a">http://www.ub.unibas.ch/tox/IDSBB/003625490/PDF</subfield></datafield></record>
</metadata></record>