<record><header><identifier>oai:alma.41SLSP_UGE:991000774019705502</identifier><datestamp>2023-04-08T00:19:45Z</datestamp><setSpec>uge_bcen_RapidILL_BOOK</setSpec><setSpec>uge_aaca_RapidILL_BOOK</setSpec><setSpec>uge_abels_RapidILL_BOOK</setSpec><setSpec>uge_dbu_RapidILL_BOOK</setSpec><setSpec>uge_cmu_RapidILL_BOOK</setSpec><setSpec>uge_mail_RapidILL_BOOK</setSpec><setSpec>uge_abbat_RapidILL_BOOK</setSpec><setSpec>UNIGE_ALL</setSpec><setSpec>uge_acar_RapidILL_BOOK</setSpec><setSpec>uge_aobs_RapidILL_BOOK</setSpec></header><metadata>
<record xmlns="http://www.loc.gov/MARC21/slim" xmlns:xsi="http://www.w3.org/2001/XMLSchema-instance" xsi:schemaLocation="http://www.loc.gov/MARC21/slim http://www.loc.gov/standards/marcxml/schema/MARC21slim.xsd"><leader>04856nam a2200781 c 4500</leader><controlfield tag="001">991000774019705502</controlfield><controlfield tag="005">20230407191848.0</controlfield><controlfield tag="008">201011s2015    fr            00| | fre|d</controlfield><datafield ind1=" " ind2=" " tag="020"><subfield code="a">2200602944</subfield><subfield code="q">broché</subfield></datafield><datafield ind1=" " ind2=" " tag="020"><subfield code="a">9782200602949</subfield><subfield code="q">broché</subfield></datafield><datafield ind1="3" ind2=" " tag="024"><subfield code="a">9782200602949</subfield></datafield><datafield ind1="7" ind2=" " tag="024"><subfield code="a">http://catalogue.bnf.fr/ark:/12148/cb444607524</subfield><subfield code="2">uri</subfield></datafield><datafield ind1=" " ind2=" " tag="035"><subfield code="a">(swissbib)214004554-41slsp_network</subfield></datafield><datafield ind1=" " ind2=" " tag="035"><subfield code="a">214004554</subfield><subfield code="9">ExL</subfield></datafield><datafield ind1=" " ind2=" " tag="035"><subfield code="a">(NEBIS)010548470EBI01</subfield></datafield><datafield ind1=" " ind2=" " tag="035"><subfield code="a">(RERO)R008272762-41slsp</subfield></datafield><datafield ind1=" " ind2=" " tag="035"><subfield code="a">(IDSBB)007093318DSV01</subfield></datafield><datafield ind1=" " ind2=" " tag="035"><subfield code="a">(OCoLC)922640549</subfield></datafield><datafield ind1=" " ind2=" " tag="035"><subfield code="a">(EXLNZ-41SLSP_NETWORK)991093811759705501</subfield></datafield><datafield ind1=" " ind2=" " tag="040"><subfield code="a">ZWZ</subfield><subfield code="b">fre</subfield><subfield code="e">rda</subfield><subfield code="d">CH-ZuSLS</subfield></datafield><datafield ind1=" " ind2="7" tag="072"><subfield code="a">go</subfield><subfield code="2">rero</subfield></datafield><datafield ind1=" " ind2="7" tag="072"><subfield code="a">hg</subfield><subfield code="2">rero</subfield></datafield><datafield ind1="0" ind2="4" tag="082"><subfield code="a">911</subfield><subfield code="2">23</subfield></datafield><datafield ind1="0" ind2="4" tag="082"><subfield code="a">303.482</subfield><subfield code="2">23</subfield></datafield><datafield ind1="1" ind2="4" tag="082"><subfield code="a">900</subfield><subfield code="2">15</subfield></datafield><datafield ind1="1" ind2="4" tag="082"><subfield code="a">300</subfield><subfield code="2">15</subfield></datafield><datafield ind1="1" ind2=" " tag="100"><subfield code="a">Grataloup, Christian</subfield><subfield code="d">1951-</subfield><subfield code="0">(DE-588)1017544506</subfield><subfield code="e">Verfasser</subfield><subfield code="4">aut</subfield><subfield code="6">880-01</subfield></datafield><datafield ind1="1" ind2=" " tag="880"><subfield code="6">100-01</subfield><subfield code="a">Grataloup, Christian</subfield><subfield code="d">1951-....</subfield><subfield code="0">(IDREF)02860850X</subfield><subfield code="4">cre</subfield></datafield><datafield ind1="1" ind2="0" tag="245"><subfield code="a">Géohistoire de la mondialisation</subfield><subfield code="b">le temps long du monde</subfield><subfield code="c">Christian Grataloup</subfield></datafield><datafield ind1=" " ind2=" " tag="250"><subfield code="a">3e édition</subfield></datafield><datafield ind1=" " ind2="1" tag="264"><subfield code="a">Paris</subfield><subfield code="b">Armand Colin</subfield><subfield code="c">[2015]</subfield></datafield><datafield ind1=" " ind2=" " tag="300"><subfield code="a">343 Seiten</subfield><subfield code="b">Illustrationen, Karten</subfield><subfield code="c">24 cm</subfield></datafield><datafield ind1=" " ind2=" " tag="336"><subfield code="b">txt</subfield><subfield code="2">rdacontent</subfield></datafield><datafield ind1=" " ind2=" " tag="337"><subfield code="b">n</subfield><subfield code="2">rdamedia</subfield></datafield><datafield ind1=" " ind2=" " tag="338"><subfield code="b">nc</subfield><subfield code="2">rdacarrier</subfield></datafield><datafield ind1="0" ind2=" " tag="490"><subfield code="a">Collection U. Géographie</subfield></datafield><datafield ind1=" " ind2=" " tag="500"><subfield code="a">Publié précédemment en 2007 puis en 2010</subfield></datafield><datafield ind1=" " ind2=" " tag="504"><subfield code="a">Index.</subfield></datafield><datafield ind1=" " ind2=" " tag="504"><subfield code="a">Bibliographie p. [319]-328. Notes bibliographiques. Index</subfield></datafield><datafield ind1=" " ind2=" " tag="520"><subfield code="a">La prise de contrôle de l'Amérique par une poignée d'Européens marque le début de la construction d'un Monde qui s'achève au XXe siècle. Il aurait certainement pu en être autrement. Gengis Khan ou Zheng He initièrent des mondialisations bien différentes. Ces logiques géographiques très anciennes n'ont jamais totalement disparu sous l'aventure européenne et ressurgissent aujourd'hui vigoureusement. Et si le Monde nous paraît si évolutif, c'est bien parce que le récit unique de l'Occident n'était pas sans amnésie. Alors que s'affirme la Chine, qu'un islam se rêve comme une autre mondialisation, que le rôle de l'Europe devient plus modeste, il est nécessaire de situer le Monde contemporain dans le temps long de sa genèse. L'empreinte européenne, qui durera longtemps encore, peut étonner aujourd'hui : pourquoi l'Europe fut-elle à l'origine de notre mondialisation ? De quelles dynamiques multimillénaires fut-elle le prolongement ? Pourquoi n'est-ce seulement qu'au début du XXIe siècle que la Chine, l'Inde et bientôt d'autres sociétés s'affirment à l'échelle du Monde ? La troisième édition de cet ouvrage montre, plus encore que les précédentes, que l'histoire globale est devenue incontournable et qu'elle doit tenir compte, dans la longue durée, de la diversité mondiale, de sa géographie et de l'unité de l'humanité. Les questions &lt;&lt; Quand &gt;&gt; et &lt;&lt; Où &gt;&gt;, particulièrement quand l'histoire est prise à l'échelle du Monde, deviennent un couple indivisible, celui de la géohistoire.</subfield></datafield><datafield ind1=" " ind2="7" tag="648"><subfield code="a">Geschichte</subfield><subfield code="2">gnd</subfield></datafield><datafield ind1=" " ind2="7" tag="650"><subfield code="a">GLOBALISATION (ÉCONOMIE)</subfield><subfield code="9">fre</subfield><subfield code="0">(ETHUDK)000060840</subfield><subfield code="2">ethudk</subfield></datafield><datafield ind1=" " ind2="7" tag="650"><subfield code="a">GÉOGRAPHIE HISTORIQUE + GÉOGRAPHIE RÉGIONALE HISTORIQUE</subfield><subfield code="9">fre</subfield><subfield code="0">(ETHUDK)000036628</subfield><subfield code="2">ethudk</subfield></datafield><datafield ind1=" " ind2="7" tag="650"><subfield code="a">GÉOGRAPHIE HUMAINE</subfield><subfield code="9">fre</subfield><subfield code="0">(ETHUDK)000036614</subfield><subfield code="2">ethudk</subfield></datafield><datafield ind1=" " ind2="7" tag="650"><subfield code="a">SOCIÉTÉ MONDIALE + GLOBALISATION (SOCIOLOGIE)</subfield><subfield code="9">fre</subfield><subfield code="0">(ETHUDK)000053241</subfield><subfield code="2">ethudk</subfield></datafield><datafield ind1=" " ind2="7" tag="650"><subfield code="a">Géographie humaine</subfield><subfield code="0">(IDREF)02753460X</subfield><subfield code="2">idref</subfield></datafield><datafield ind1=" " ind2="7" tag="650"><subfield code="a">Géographie politique</subfield><subfield code="0">(IDREF)027534626</subfield><subfield code="2">idref</subfield></datafield><datafield ind1=" " ind2="7" tag="650"><subfield code="a">Mondialisation</subfield><subfield code="0">(IDREF)03500407X</subfield><subfield code="2">idref</subfield></datafield><datafield ind1=" " ind2="7" tag="650"><subfield code="a">Découvertes géographiques</subfield><subfield code="0">(IDREF)027680967</subfield><subfield code="2">idref</subfield></datafield><datafield ind1=" " ind2="7" tag="650"><subfield code="a">Relations économiques internationales</subfield><subfield code="0">(IDREF)027323161</subfield><subfield code="2">idref</subfield></datafield><datafield ind1=" " ind2="7" tag="650"><subfield code="a">Longue durée (histoire)</subfield><subfield code="0">(IDREF)174797389</subfield><subfield code="2">idref</subfield></datafield><datafield ind1=" " ind2="7" tag="650"><subfield code="a">Histoire globale</subfield><subfield code="0">(IDREF)169552950</subfield><subfield code="2">idref</subfield></datafield><datafield ind1=" " ind2="7" tag="650"><subfield code="a">Géographie historique</subfield><subfield code="0">(IDREF)02741387X</subfield><subfield code="2">idref</subfield></datafield><datafield ind1=" " ind2="7" tag="650"><subfield code="a">Globalisierung</subfield><subfield code="0">(DE-588)4557997-0</subfield><subfield code="2">gnd</subfield></datafield><datafield ind1=" " ind2="7" tag="650"><subfield code="a">Historische Geografie</subfield><subfield code="0">(DE-588)4025103-2</subfield><subfield code="2">gnd</subfield></datafield><datafield ind1=" " ind2="7" tag="650"><subfield code="a">Anthropogeografie</subfield><subfield code="0">(DE-588)4133695-1</subfield><subfield code="2">gnd</subfield></datafield><datafield ind1=" " ind2="7" tag="650"><subfield code="a">Mondialisation</subfield><subfield code="2">ram</subfield></datafield><datafield ind1=" " ind2="7" tag="650"><subfield code="a">Découvertes géographiques</subfield><subfield code="2">ram</subfield></datafield><datafield ind1=" " ind2="7" tag="650"><subfield code="a">Géographie historique</subfield><subfield code="2">ram</subfield></datafield><datafield ind1=" " ind2="7" tag="650"><subfield code="a">Géographie humaine</subfield><subfield code="2">ram</subfield></datafield><datafield ind1=" " ind2="7" tag="650"><subfield code="a">Relations économiques internationales</subfield><subfield code="x">Histoire</subfield><subfield code="2">ram</subfield></datafield><datafield ind1="4" ind2=" " tag="856"><subfield code="3">Titelblatt und Inhaltsverzeichnis</subfield><subfield code="u">https://toc.library.ethz.ch/objects/pdf03/z01_978-2-200-60294-9_01.pdf</subfield><subfield code="q">pdf</subfield></datafield><datafield ind1=" " ind2=" " tag="830"><subfield code="a">U</subfield><subfield code="p">A. Colin</subfield><subfield code="p">Géographie</subfield><subfield code="w">(RERO)0052963-41slsp</subfield></datafield><datafield ind1=" " ind2=" " tag="900"><subfield code="a">IDSZ2zbzmon201604f</subfield><subfield code="c">IDSZ2hilb</subfield><subfield code="d">IDSZ2zbzswk201604b</subfield><subfield code="e">IDSZ2tschu</subfield></datafield><datafield ind1=" " ind2=" " tag="900"><subfield code="a">REROnoselfmerge</subfield></datafield><datafield ind1=" " ind2=" " tag="900"><subfield code="a">IDSDSStoppsignal FRED</subfield></datafield><datafield ind1=" " ind2=" " tag="910"><subfield code="a">OCoLC</subfield><subfield code="b">20151007</subfield><subfield code="c">Droits réservés</subfield></datafield><datafield ind1=" " ind2=" " tag="911"><subfield code="a">100</subfield><subfield code="a">Grataloup, Christian</subfield><subfield code="d">1951-</subfield></datafield><datafield ind1=" " ind2=" " tag="949"><subfield code="a">https://toc.library.ethz.ch/objects/pdf03/z01_978-2-200-60294-9_01.pdf</subfield></datafield><datafield ind1=" " ind2=" " tag="961"><subfield code="2">gsi</subfield><subfield code="a">339</subfield><subfield code="9">LOCAL</subfield></datafield></record>
</metadata></record>