<record><header><identifier>oai:alma.41SLSP_UGE:991000774679705502</identifier><datestamp>2024-10-05T00:14:26Z</datestamp><setSpec>uge_bcen_RapidILL_BOOK</setSpec><setSpec>uge_aaca_RapidILL_BOOK</setSpec><setSpec>uge_abels_RapidILL_BOOK</setSpec><setSpec>uge_dbu_RapidILL_BOOK</setSpec><setSpec>uge_cmu_RapidILL_BOOK</setSpec><setSpec>uge_mail_RapidILL_BOOK</setSpec><setSpec>uge_abbat_RapidILL_BOOK</setSpec><setSpec>UNIGE_ALL</setSpec><setSpec>uge_aobs_RapidILL_BOOK</setSpec><setSpec>uge_acar_RapidILL_BOOK</setSpec></header><metadata>
<record xmlns="http://www.loc.gov/MARC21/slim" xmlns:xsi="http://www.w3.org/2001/XMLSchema-instance" xsi:schemaLocation="http://www.loc.gov/MARC21/slim http://www.loc.gov/standards/marcxml/schema/MARC21slim.xsd"><leader>01415nam a2200349 c 4500</leader><controlfield tag="001">991000774679705502</controlfield><controlfield tag="005">20241004190611.0</controlfield><controlfield tag="008">201012s1881    gw ||||| |||| 00| ||gmh d</controlfield><datafield ind1=" " ind2=" " tag="035"><subfield code="a">(swissbib)235864528-41slsp_network</subfield></datafield><datafield ind1=" " ind2=" " tag="035"><subfield code="a">235864528</subfield><subfield code="9">ExL</subfield></datafield><datafield ind1=" " ind2=" " tag="035"><subfield code="a">(RERO)R221631960-41slsp</subfield></datafield><datafield ind1=" " ind2=" " tag="035"><subfield code="a">(IDSLU)000427831ILU01</subfield></datafield><datafield ind1=" " ind2=" " tag="035"><subfield code="a">(IDSBB)002611957DSV01</subfield></datafield><datafield ind1=" " ind2=" " tag="035"><subfield code="a">(EXLNZ-41SLSP_NETWORK)991035648329705501</subfield></datafield><datafield ind1=" " ind2=" " tag="040"><subfield code="a">RERO geulal</subfield><subfield code="d">CH-ZuSLS</subfield></datafield><datafield ind1=" " ind2="7" tag="072"><subfield code="a">al</subfield><subfield code="2">rero</subfield></datafield><datafield ind1=" " ind2="7" tag="072"><subfield code="a">592</subfield><subfield code="2">IDS LU</subfield></datafield><datafield ind1="0" ind2=" " tag="100"><subfield code="a">Lamprecht</subfield><subfield code="c">der Pfaffe</subfield><subfield code="d">ca. 1. Hälfte 12. Jh.</subfield><subfield code="0">(DE-588)118640305</subfield><subfield code="6">880-01</subfield></datafield><datafield ind1="0" ind2=" " tag="880"><subfield code="a">Lamprecht</subfield><subfield code="c">der Pfaffe</subfield><subfield code="0">(RERO)A000102226</subfield><subfield code="6">100-01</subfield></datafield><datafield ind1="1" ind2="0" tag="245"><subfield code="a">&lt;&lt;Die&gt;&gt; Basler Bearbeitung von Lambrechts Alexander</subfield><subfield code="c">hrsg. von Richard Maria Werner</subfield></datafield><datafield ind1=" " ind2="1" tag="264"><subfield code="a">Stuttgart</subfield><subfield code="b">Litterarischer Verein</subfield><subfield code="c">1881</subfield></datafield><datafield ind1=" " ind2="3" tag="264"><subfield code="a">Tübingen</subfield><subfield code="b">L.F. Fues</subfield></datafield><datafield ind1=" " ind2=" " tag="300"><subfield code="a">230 p.</subfield><subfield code="c">21 cm</subfield></datafield><datafield ind1=" " ind2=" " tag="336"><subfield code="b">txt</subfield><subfield code="2">rdacontent</subfield></datafield><datafield ind1=" " ind2=" " tag="337"><subfield code="b">n</subfield><subfield code="2">rdamedia</subfield></datafield><datafield ind1=" " ind2=" " tag="338"><subfield code="b">nc</subfield><subfield code="2">rdacarrier</subfield></datafield><datafield ind1="1" ind2=" " tag="490"><subfield code="a">Bibliothek des Literarischen Vereins in Stuttgart</subfield><subfield code="v">154</subfield></datafield><datafield ind1="0" ind2="7" tag="600"><subfield code="a">Lamprecht</subfield><subfield code="c">der Pfaffe</subfield><subfield code="d">ca. 1. Hälfte 12. Jh.</subfield><subfield code="t">Alexanderlied</subfield><subfield code="0">(DE-588)4467770-4</subfield><subfield code="2">gnd</subfield></datafield><datafield ind1="1" ind2=" " tag="700"><subfield code="a">Werner, Richard Maria</subfield><subfield code="d">1854-1913</subfield><subfield code="0">(IDREF)030177065</subfield></datafield><datafield ind1="0" ind2=" " tag="730"><subfield code="a">Alexander Magnus</subfield><subfield code="l">Allemand (moyen haut-)</subfield></datafield><datafield ind1=" " ind2=" " tag="830"><subfield code="a">Bibliothek des Literarischen Vereins in Stuttgart</subfield><subfield code="v">154</subfield><subfield code="w">(RERO)0125243-41slsp</subfield></datafield><datafield ind1=" " ind2=" " tag="830"><subfield code="a">Bibliothek des Literarischen Vereins in Stuttgart</subfield><subfield code="v">154</subfield><subfield code="w">(IDSBB)000103708DSV01</subfield></datafield><datafield ind1=" " ind2=" " tag="900"><subfield code="a">REROnoselfmerge</subfield></datafield></record>
</metadata></record>