<record><header><identifier>oai:alma.41SLSP_UGE:991000774479705502</identifier><datestamp>2023-03-01T01:09:55Z</datestamp><setSpec>uge_bcen_RapidILL_BOOK</setSpec><setSpec>uge_aaca_RapidILL_BOOK</setSpec><setSpec>uge_abels_RapidILL_BOOK</setSpec><setSpec>uge_dbu_RapidILL_BOOK</setSpec><setSpec>uge_cmu_RapidILL_BOOK</setSpec><setSpec>uge_mail_RapidILL_BOOK</setSpec><setSpec>UNIGE_ALL</setSpec><setSpec>uge_abbat_RapidILL_BOOK</setSpec><setSpec>uge_aobs_RapidILL_BOOK</setSpec><setSpec>uge_acar_RapidILL_BOOK</setSpec></header><metadata>
<record xmlns="http://www.loc.gov/MARC21/slim" xmlns:xsi="http://www.w3.org/2001/XMLSchema-instance" xsi:schemaLocation="http://www.loc.gov/MARC21/slim http://www.loc.gov/standards/marcxml/schema/MARC21slim.xsd"><leader>01623nam a2200373 c 4500</leader><controlfield tag="001">991000774479705502</controlfield><controlfield tag="005">20201227164255.0</controlfield><controlfield tag="008">190621q20099999po            00| | por d</controlfield><datafield ind1=" " ind2=" " tag="020"><subfield code="a">9789898074973</subfield></datafield><datafield ind1=" " ind2=" " tag="035"><subfield code="a">(swissbib)125770235-41slsp_network</subfield></datafield><datafield ind1=" " ind2=" " tag="035"><subfield code="a">125770235</subfield><subfield code="9">ExL</subfield></datafield><datafield ind1=" " ind2=" " tag="035"><subfield code="a">(RERO)R008936893-41slsp</subfield></datafield><datafield ind1=" " ind2=" " tag="035"><subfield code="a">(EXLNZ-41SLSP_NETWORK)991032143929705501</subfield></datafield><datafield ind1=" " ind2=" " tag="040"><subfield code="a">polibn</subfield><subfield code="d">CH-ZuSLS</subfield></datafield><datafield ind1=" " ind2="7" tag="072"><subfield code="a">es</subfield><subfield code="2">rero</subfield></datafield><datafield ind1=" " ind2=" " tag="080"><subfield code="a">091.0</subfield><subfield code="2">BN</subfield></datafield><datafield ind1=" " ind2=" " tag="080"><subfield code="a">808.2</subfield><subfield code="2">BN</subfield></datafield><datafield ind1=" " ind2=" " tag="080"><subfield code="a">821.134.3-2&quot;15&quot;</subfield><subfield code="2">BN</subfield></datafield><datafield ind1="1" ind2=" " tag="100"><subfield code="a">Cruz, Luis da</subfield><subfield code="0">(RERO)A018060861</subfield><subfield code="4">aut</subfield></datafield><datafield ind1="1" ind2="0" tag="245"><subfield code="a">Teatro</subfield><subfield code="c">Luís da Cruz ; estabelecimento do texto latino, introd., trad., comentário Manuel José de Sousa Barbosa ; coord. cient. Associação Portuguesa de Estudos Neolatinos ; dir. Sebastião Tavares de Pinho... [et al.] ; coord. ed. Maria João Padez de Castro</subfield></datafield><datafield ind1=" " ind2="1" tag="264"><subfield code="a">Coimbra</subfield><subfield code="b">Imprensa da Universidade</subfield><subfield code="c">2009-</subfield></datafield><datafield ind1=" " ind2=" " tag="300"><subfield code="a">v.</subfield><subfield code="c">25 cm</subfield></datafield><datafield ind1=" " ind2=" " tag="336"><subfield code="b">txt</subfield><subfield code="2">rdacontent</subfield></datafield><datafield ind1=" " ind2=" " tag="337"><subfield code="b">n</subfield><subfield code="2">rdamedia</subfield></datafield><datafield ind1=" " ind2=" " tag="338"><subfield code="b">nc</subfield><subfield code="2">rdacarrier</subfield></datafield><datafield ind1="1" ind2=" " tag="490"><subfield code="a">Portugaliae monumenta neolatina</subfield><subfield code="v">Vol. 5,12</subfield></datafield><datafield ind1="0" ind2=" " tag="505"><subfield code="a">1 t.: Sedevias. - 333, [1] p. ; 2 t.: Vida humana. - 506 p</subfield></datafield><datafield ind1="1" ind2=" " tag="700"><subfield code="a">Barbosa, Manuel José de Sousa</subfield><subfield code="d">1951-</subfield><subfield code="4">aui</subfield><subfield code="4">trl</subfield><subfield code="4">edt</subfield></datafield><datafield ind1="1" ind2=" " tag="700"><subfield code="a">Castro, Maria João Padez Meireles Ferreira de</subfield><subfield code="4">edt</subfield></datafield><datafield ind1="1" ind2=" " tag="700"><subfield code="a">Pinho, Sebastião Tavares de</subfield><subfield code="d">195??-....</subfield><subfield code="0">(IDREF)028500989</subfield><subfield code="4">edt</subfield></datafield><datafield ind1="2" ind2=" " tag="710"><subfield code="a">Associação Portuguesa de Estudos Neolatinos</subfield><subfield code="4">edt</subfield></datafield><datafield ind1="4" ind2="2" tag="856"><subfield code="3">Image de couverture</subfield><subfield code="u">http://rnod.bn.pt/ImagesBN/winlibimg.aspx?skey=&amp;doc=1765252&amp;img=327&amp;save=true</subfield></datafield><datafield ind1=" " ind2=" " tag="830"><subfield code="a">Portugaliae monumenta neolatina</subfield><subfield code="v">5,12</subfield><subfield code="w">(RERO)R008936658-41slsp</subfield></datafield><datafield ind1=" " ind2=" " tag="900"><subfield code="a">REROnoselfmerge</subfield></datafield><datafield ind1=" " ind2=" " tag="910"><subfield code="a">Porbase</subfield><subfield code="b">20190621</subfield></datafield><datafield ind1=" " ind2=" " tag="993"><subfield code="a">BFLA 289399</subfield><subfield code="x">ge/ulpo/d/19/CEL</subfield><subfield code="9">LOCAL</subfield></datafield></record>
</metadata></record><record><header status="deleted"><identifier>oai:alma.41SLSP_UGE:991000773749705502</identifier><datestamp>2023-12-09T02:17:11Z</datestamp><setSpec>uge_bcen_RapidILL_BOOK</setSpec><setSpec>uge_aaca_RapidILL_BOOK</setSpec><setSpec>uge_abels_RapidILL_BOOK</setSpec><setSpec>uge_dbu_RapidILL_BOOK</setSpec><setSpec>uge_cmu_RapidILL_BOOK</setSpec><setSpec>uge_mail_RapidILL_BOOK</setSpec><setSpec>uge_abbat_RapidILL_BOOK</setSpec><setSpec>UNIGE_ALL</setSpec><setSpec>uge_acar_RapidILL_BOOK</setSpec><setSpec>uge_aobs_RapidILL_BOOK</setSpec></header></record>