<record><header><identifier>oai:alma.41SLSP_UGE:991000774369705502</identifier><datestamp>2023-03-01T01:09:55Z</datestamp><setSpec>uge_bcen_RapidILL_BOOK</setSpec><setSpec>uge_aaca_RapidILL_BOOK</setSpec><setSpec>uge_abels_RapidILL_BOOK</setSpec><setSpec>uge_dbu_RapidILL_BOOK</setSpec><setSpec>uge_cmu_RapidILL_BOOK</setSpec><setSpec>uge_mail_RapidILL_BOOK</setSpec><setSpec>UNIGE_ALL</setSpec><setSpec>uge_abbat_RapidILL_BOOK</setSpec><setSpec>uge_aobs_RapidILL_BOOK</setSpec><setSpec>uge_acar_RapidILL_BOOK</setSpec></header><metadata>
<record xmlns="http://www.loc.gov/MARC21/slim" xmlns:xsi="http://www.w3.org/2001/XMLSchema-instance" xsi:schemaLocation="http://www.loc.gov/MARC21/slim http://www.loc.gov/standards/marcxml/schema/MARC21slim.xsd"><leader>01734nam a2200457 c 4500</leader><controlfield tag="001">991000774369705502</controlfield><controlfield tag="005">20201231115431.0</controlfield><controlfield tag="008">201011s2006    xxu||||| |||| 00| ||eng d</controlfield><datafield ind1=" " ind2=" " tag="015"><subfield code="a">GBA602279</subfield><subfield code="2">bnb</subfield></datafield><datafield ind1=" " ind2=" " tag="020"><subfield code="z">0400044766</subfield><subfield code="q">U.S. : hbk.</subfield></datafield><datafield ind1=" " ind2=" " tag="020"><subfield code="a">185715293X</subfield><subfield code="q">hbk.</subfield><subfield code="c">£10.99</subfield></datafield><datafield ind1=" " ind2=" " tag="035"><subfield code="a">(swissbib)231161271-41slsp_network</subfield></datafield><datafield ind1=" " ind2=" " tag="035"><subfield code="a">231161271</subfield><subfield code="9">ExL</subfield></datafield><datafield ind1=" " ind2=" " tag="035"><subfield code="a">(RERO)R004120775-41slsp</subfield></datafield><datafield ind1=" " ind2=" " tag="035"><subfield code="a">(NEBIS)005343646EBI01</subfield></datafield><datafield ind1=" " ind2=" " tag="035"><subfield code="a">(EXLNZ-41SLSP_NETWORK)991117782679705501</subfield></datafield><datafield ind1=" " ind2=" " tag="040"><subfield code="a">RERO labcud</subfield><subfield code="d">CH-ZuSLS</subfield></datafield><datafield ind1=" " ind2="7" tag="072"><subfield code="a">an</subfield><subfield code="2">rero</subfield></datafield><datafield ind1="0" ind2="4" tag="082"><subfield code="a">823.912</subfield><subfield code="2">22</subfield></datafield><datafield ind1="1" ind2=" " tag="100"><subfield code="a">Narayan, Rasipuram Krishnaswami</subfield><subfield code="0">(RERO)A000119584</subfield><subfield code="4">cre</subfield></datafield><datafield ind1="1" ind2="0" tag="245"><subfield code="a">Swami and Friends</subfield><subfield code="b">; The bachelor of arts ; The dark room ; The English teacher</subfield><subfield code="c">R. K. Narayan ; with an introd. by Alexander McCall Smith</subfield></datafield><datafield ind1=" " ind2="1" tag="264"><subfield code="a">New York</subfield><subfield code="b">A.A. Knopf</subfield><subfield code="c">2006</subfield></datafield><datafield ind1=" " ind2=" " tag="300"><subfield code="a">XXXVII, 609 p.</subfield><subfield code="c">21 cm</subfield></datafield><datafield ind1=" " ind2=" " tag="336"><subfield code="b">txt</subfield><subfield code="2">rdacontent</subfield></datafield><datafield ind1=" " ind2=" " tag="337"><subfield code="b">n</subfield><subfield code="2">rdamedia</subfield></datafield><datafield ind1=" " ind2=" " tag="338"><subfield code="b">nc</subfield><subfield code="2">rdacarrier</subfield></datafield><datafield ind1="1" ind2=" " tag="490"><subfield code="a">Everyman's library</subfield><subfield code="v">293</subfield></datafield><datafield ind1=" " ind2=" " tag="504"><subfield code="a">Includes bibliographical references</subfield></datafield><datafield ind1=" " ind2="0" tag="651"><subfield code="a">India</subfield><subfield code="x">Social life and customs</subfield><subfield code="v">Fiction</subfield></datafield><datafield ind1="1" ind2=" " tag="700"><subfield code="a">Narayan, R. K.</subfield><subfield code="d">1906-2001</subfield><subfield code="0">(DE-588)118835599</subfield></datafield><datafield ind1="1" ind2="2" tag="700"><subfield code="a">Narayan, Rasipuram Krishnaswami</subfield><subfield code="t">&lt;&lt;The&gt;&gt; bachelor of arts</subfield></datafield><datafield ind1="1" ind2="2" tag="700"><subfield code="a">Narayan, Rasipuram Krishnaswami</subfield><subfield code="t">&lt;&lt;The&gt;&gt; dark room</subfield></datafield><datafield ind1="1" ind2="2" tag="700"><subfield code="a">Narayan, Rasipuram Krishnaswami</subfield><subfield code="t">&lt;&lt;The&gt;&gt; english teacher</subfield></datafield><datafield ind1="0" ind2="2" tag="740"><subfield code="a">&lt;&lt;The&gt;&gt; bachelor of arts</subfield></datafield><datafield ind1="0" ind2="2" tag="740"><subfield code="a">&lt;&lt;The&gt;&gt; dark room</subfield></datafield><datafield ind1="0" ind2="2" tag="740"><subfield code="a">&lt;&lt;The&gt;&gt; English teacher</subfield></datafield><datafield ind1=" " ind2=" " tag="830"><subfield code="a">Everyman's library</subfield><subfield code="v">293</subfield><subfield code="w">(RERO)0000089-41slsp</subfield></datafield><datafield ind1=" " ind2=" " tag="830"><subfield code="a">Everyman's library</subfield><subfield code="v">293</subfield><subfield code="w">(NEBIS)004911098EBI01</subfield></datafield><datafield ind1=" " ind2=" " tag="900"><subfield code="a">REROnoselfmerge</subfield></datafield><datafield ind1=" " ind2=" " tag="900"><subfield code="a">IDSZ2mugmon200703p</subfield><subfield code="c">IDSZ2morg</subfield></datafield><datafield ind1=" " ind2=" " tag="911"><subfield code="a">100</subfield><subfield code="a">Narayan, R. K</subfield><subfield code="d">1906-2001</subfield></datafield><datafield ind1=" " ind2=" " tag="911"><subfield code="a">700</subfield><subfield code="a">Narayan, R. K</subfield><subfield code="d">1906-2001</subfield></datafield></record>
</metadata></record>