<record><header><identifier>oai:alma.41SLSP_UGE:991000774249705502</identifier><datestamp>2024-09-06T00:08:16Z</datestamp><setSpec>uge_bcen_RapidILL_BOOK</setSpec><setSpec>uge_aaca_RapidILL_BOOK</setSpec><setSpec>uge_abels_RapidILL_BOOK</setSpec><setSpec>uge_dbu_RapidILL_BOOK</setSpec><setSpec>uge_cmu_RapidILL_BOOK</setSpec><setSpec>uge_mail_RapidILL_BOOK</setSpec><setSpec>uge_abbat_RapidILL_BOOK</setSpec><setSpec>UNIGE_ALL</setSpec><setSpec>uge_aobs_RapidILL_BOOK</setSpec><setSpec>uge_acar_RapidILL_BOOK</setSpec></header><metadata>
<record xmlns="http://www.loc.gov/MARC21/slim" xmlns:xsi="http://www.w3.org/2001/XMLSchema-instance" xsi:schemaLocation="http://www.loc.gov/MARC21/slim http://www.loc.gov/standards/marcxml/schema/MARC21slim.xsd"><leader>02831nam a2200697 ca4500</leader><controlfield tag="001">991000774249705502</controlfield><controlfield tag="005">20240425110557.0</controlfield><controlfield tag="008">201012m20179999sp ||||| |||| 00| ||spa d</controlfield><datafield ind1=" " ind2=" " tag="019"><subfield code="a">Work will be complete in 8 vols</subfield></datafield><datafield ind1=" " ind2=" " tag="020"><subfield code="a">8490127719</subfield><subfield code="q">Vol. 1</subfield></datafield><datafield ind1=" " ind2=" " tag="020"><subfield code="a">9788490127704</subfield><subfield code="q">obra completa</subfield></datafield><datafield ind1=" " ind2=" " tag="020"><subfield code="a">9788490127711</subfield><subfield code="q">vol. 1</subfield></datafield><datafield ind1=" " ind2=" " tag="020"><subfield code="a">9788413117300</subfield><subfield code="q">vol. 2</subfield></datafield><datafield ind1=" " ind2=" " tag="035"><subfield code="a">(swissbib)239276760-41slsp_network</subfield></datafield><datafield ind1=" " ind2=" " tag="035"><subfield code="a">239276760</subfield><subfield code="9">ExL</subfield></datafield><datafield ind1=" " ind2=" " tag="035"><subfield code="a">(RERO)R008782559-41slsp</subfield></datafield><datafield ind1=" " ind2=" " tag="035"><subfield code="a">(IDSBB)006774886DSV01</subfield></datafield><datafield ind1=" " ind2=" " tag="035"><subfield code="a">(NEBIS)011096374EBI01</subfield></datafield><datafield ind1=" " ind2=" " tag="035"><subfield code="a">(OCoLC)1013736338</subfield></datafield><datafield ind1=" " ind2=" " tag="035"><subfield code="a">(OCoLC)1012421983</subfield></datafield><datafield ind1=" " ind2=" " tag="035"><subfield code="a">(EXLNZ-41SLSP_NETWORK)991037489089705501</subfield></datafield><datafield ind1=" " ind2=" " tag="040"><subfield code="a">C3L</subfield><subfield code="b">ger</subfield><subfield code="e">rda</subfield><subfield code="d">CH-ZuSLS</subfield></datafield><datafield ind1=" " ind2=" " tag="043"><subfield code="a">e-sp---</subfield></datafield><datafield ind1=" " ind2="0" tag="050"><subfield code="a">PQ6639.N3</subfield><subfield code="b">Z48 2017</subfield></datafield><datafield ind1="1" ind2="4" tag="082"><subfield code="a">860</subfield><subfield code="2">15</subfield></datafield><datafield ind1="1" ind2="4" tag="082"><subfield code="a">866</subfield><subfield code="2">14</subfield></datafield><datafield ind1="7" ind2="4" tag="082"><subfield code="a">860</subfield><subfield code="2">23sdnb</subfield></datafield><datafield ind1=" " ind2=" " tag="084"><subfield code="a">B</subfield><subfield code="2">23sdnb</subfield></datafield><datafield ind1=" " ind2=" " tag="084"><subfield code="a">IP 8740</subfield><subfield code="2">rvk</subfield></datafield><datafield ind1=" " ind2=" " tag="084"><subfield code="a">IP 8741</subfield><subfield code="2">rvk</subfield></datafield><datafield ind1="1" ind2=" " tag="100"><subfield code="a">Unamuno, Miguel &lt;&lt;de&gt;&gt;</subfield><subfield code="d">1864-1936</subfield><subfield code="6">880-01</subfield><subfield code="0">(DE-588)118625403</subfield><subfield code="4">aut</subfield></datafield><datafield ind1="1" ind2=" " tag="880"><subfield code="a">Unamuno, Miguel de</subfield><subfield code="c">écrivain</subfield><subfield code="d">1864-1936</subfield><subfield code="6">100-01</subfield><subfield code="0">(IDREF)02810093X</subfield><subfield code="4">aut</subfield></datafield><datafield ind1="1" ind2="0" tag="240"><subfield code="a">Briefe</subfield></datafield><datafield ind1="1" ind2="0" tag="245"><subfield code="a">Epistolario</subfield><subfield code="c">Miguel de Unamuno ; introducción, edición y notas de Colette y Jean-Claude Rabaté</subfield></datafield><datafield ind1=" " ind2=" " tag="250"><subfield code="a">1.ª edición</subfield></datafield><datafield ind1=" " ind2="1" tag="264"><subfield code="a">Salamanca</subfield><subfield code="b">Ediciones Universidad</subfield><subfield code="c">agosto 2017-</subfield></datafield><datafield ind1=" " ind2=" " tag="300"><subfield code="a">Vol. 1 -</subfield></datafield><datafield ind1=" " ind2=" " tag="336"><subfield code="b">txt</subfield><subfield code="2">rdacontent</subfield></datafield><datafield ind1=" " ind2=" " tag="337"><subfield code="b">n</subfield><subfield code="2">rdamedia</subfield></datafield><datafield ind1=" " ind2=" " tag="338"><subfield code="b">nc</subfield><subfield code="2">rdacarrier</subfield></datafield><datafield ind1="1" ind2=" " tag="490"><subfield code="a">Biblioteca Unamuno</subfield><subfield code="v">46, 51</subfield></datafield><datafield ind1=" " ind2=" " tag="504"><subfield code="a">Includes bibliographical references and indexes</subfield></datafield><datafield ind1="0" ind2="0" tag="505"><subfield code="g">1</subfield><subfield code="t">1880-1899</subfield></datafield><datafield ind1="0" ind2="0" tag="505"><subfield code="g">2</subfield><subfield code="t">1900-1904</subfield><subfield code="r">prólogo de Ricardo Rivero Ortega</subfield></datafield><datafield ind1="1" ind2="0" tag="600"><subfield code="a">Unamuno, Miguel de</subfield><subfield code="d">1864-1936</subfield><subfield code="v">Correspondence</subfield></datafield><datafield ind1="1" ind2="7" tag="600"><subfield code="a">Unamuno, Miguel de</subfield><subfield code="c">écrivain</subfield><subfield code="d">1864-1936</subfield><subfield code="0">(IDREF)02810093X</subfield><subfield code="2">idref</subfield></datafield><datafield ind1="1" ind2="7" tag="600"><subfield code="a">Unamuno, Miguel &lt;&lt;de&gt;&gt;</subfield><subfield code="d">1864-1936</subfield><subfield code="0">(DE-588)118625403</subfield><subfield code="2">gnd</subfield></datafield><datafield ind1=" " ind2="0" tag="650"><subfield code="a">Authors, Spanish</subfield><subfield code="v">Correspondence</subfield></datafield><datafield ind1=" " ind2="0" tag="650"><subfield code="a">Philosophers</subfield><subfield code="z">Spain</subfield><subfield code="v">Correspondence</subfield></datafield><datafield ind1=" " ind2="7" tag="655"><subfield code="a">Correspondance</subfield><subfield code="0">(IDREF)027490122</subfield><subfield code="2">idref</subfield></datafield><datafield ind1=" " ind2="7" tag="655"><subfield code="a">Briefsammlung</subfield><subfield code="2">gnd-content</subfield></datafield><datafield ind1="1" ind2=" " tag="700"><subfield code="a">Rivero Ortega, Ricardo</subfield><subfield code="d">1969-....</subfield><subfield code="0">(IDREF)087226073</subfield><subfield code="4">aui</subfield></datafield><datafield ind1="1" ind2=" " tag="700"><subfield code="6">880-02</subfield><subfield code="a">Rabaté, Jean-Claude</subfield><subfield code="d">1950-</subfield><subfield code="0">(DE-588)1056514809</subfield><subfield code="4">edt</subfield><subfield code="4">wpr</subfield></datafield><datafield ind1="1" ind2=" " tag="880"><subfield code="6">700-02</subfield><subfield code="a">Rabaté, Jean-Claude</subfield><subfield code="d">1950-....</subfield><subfield code="0">(IDREF)052203891</subfield></datafield><datafield ind1="1" ind2=" " tag="700"><subfield code="6">880-03</subfield><subfield code="a">Rabaté, Colette</subfield><subfield code="d">1950-</subfield><subfield code="0">(DE-588)1055798862</subfield><subfield code="4">edt</subfield><subfield code="4">wpr</subfield></datafield><datafield ind1="1" ind2=" " tag="880"><subfield code="6">700-03</subfield><subfield code="a">Rabaté, Colette</subfield><subfield code="d">1950-....</subfield><subfield code="0">(IDREF)097938505</subfield></datafield><datafield ind1="4" ind2=" " tag="856"><subfield code="3">Titelblatt und Inhaltsverzeichnis</subfield><subfield code="u">https://toc.library.ethz.ch/objects/pdf03/z01_978-84-9012-770-4_01.pdf</subfield><subfield code="q">pdf</subfield></datafield><datafield ind1=" " ind2="0" tag="830"><subfield code="a">Biblioteca Unamuno</subfield><subfield code="v">46</subfield><subfield code="w">(NEBIS)001474876EBI01</subfield></datafield><datafield ind1=" " ind2="0" tag="830"><subfield code="a">Biblioteca Unamuno</subfield><subfield code="p">Universidad de Salamanca</subfield><subfield code="v">46</subfield><subfield code="w">(RERO)1915032-41slsp</subfield></datafield><datafield ind1=" " ind2=" " tag="900"><subfield code="a">Stoppsignal FRED</subfield></datafield><datafield ind1=" " ind2=" " tag="900"><subfield code="a">IDSZ2zbzmon201712f</subfield><subfield code="c">IDSZ2kalh</subfield><subfield code="d">IDSZ2zbzswk201801b</subfield><subfield code="e">IDSZ2kara</subfield></datafield><datafield ind1=" " ind2=" " tag="949"><subfield code="a">https://toc.library.ethz.ch/objects/pdf03/z01_978-84-9012-770-4_01.pdf</subfield></datafield></record>
</metadata></record>