<record><header><identifier>oai:alma.41SLSP_UGE:991000774459705502</identifier><datestamp>2024-02-21T01:20:33Z</datestamp><setSpec>uge_bcen_RapidILL_BOOK</setSpec><setSpec>uge_aaca_RapidILL_BOOK</setSpec><setSpec>uge_abels_RapidILL_BOOK</setSpec><setSpec>uge_dbu_RapidILL_BOOK</setSpec><setSpec>uge_cmu_RapidILL_BOOK</setSpec><setSpec>uge_mail_RapidILL_BOOK</setSpec><setSpec>uge_abbat_RapidILL_BOOK</setSpec><setSpec>UNIGE_ALL</setSpec><setSpec>uge_aobs_RapidILL_BOOK</setSpec><setSpec>uge_acar_RapidILL_BOOK</setSpec></header><metadata>
<record xmlns="http://www.loc.gov/MARC21/slim" xmlns:xsi="http://www.w3.org/2001/XMLSchema-instance" xsi:schemaLocation="http://www.loc.gov/MARC21/slim http://www.loc.gov/standards/marcxml/schema/MARC21slim.xsd"><leader>03646nam a2200565 c 4500</leader><controlfield tag="001">991000774459705502</controlfield><controlfield tag="005">20240219115251.0</controlfield><controlfield tag="008">201012s2014    xxk||||| |||| 00| ||eng d</controlfield><datafield ind1=" " ind2=" " tag="020"><subfield code="a">1783477547</subfield><subfield code="q">pbk.</subfield></datafield><datafield ind1=" " ind2=" " tag="020"><subfield code="a">9781783477548</subfield><subfield code="q">pbk.</subfield></datafield><datafield ind1=" " ind2=" " tag="020"><subfield code="a">9781783476596</subfield><subfield code="q">cased</subfield></datafield><datafield ind1=" " ind2=" " tag="020"><subfield code="a">9781783476602</subfield><subfield code="q">EISBN</subfield></datafield><datafield ind1=" " ind2=" " tag="035"><subfield code="a">(swissbib)239665155-41slsp_network</subfield></datafield><datafield ind1=" " ind2=" " tag="035"><subfield code="a">239665155</subfield><subfield code="9">ExL</subfield></datafield><datafield ind1=" " ind2=" " tag="035"><subfield code="a">(RERO)R008288636-41slsp</subfield></datafield><datafield ind1=" " ind2=" " tag="035"><subfield code="a">(IDSSG)000701963HSB01</subfield></datafield><datafield ind1=" " ind2=" " tag="035"><subfield code="a">(NEBIS)010184180EBI01</subfield></datafield><datafield ind1=" " ind2=" " tag="035"><subfield code="a">(CH-UniLiZuSLS)991053689119705501</subfield></datafield><datafield ind1=" " ind2=" " tag="035"><subfield code="a">(UNILI)000370254LLB01</subfield></datafield><datafield ind1=" " ind2=" " tag="035"><subfield code="a">(EXLNZ-41SLSP_NETWORK)991053689119705501</subfield></datafield><datafield ind1=" " ind2=" " tag="040"><subfield code="a">CDX</subfield><subfield code="d">CH-ZuSLS</subfield></datafield><datafield ind1=" " ind2="4" tag="050"><subfield code="a">HD45</subfield></datafield><datafield ind1=" " ind2="7" tag="072"><subfield code="a">se</subfield><subfield code="2">rero</subfield></datafield><datafield ind1="0" ind2="4" tag="082"><subfield code="a">658.4/063</subfield><subfield code="2">23</subfield></datafield><datafield ind1="1" ind2=" " tag="100"><subfield code="a">Bosch, Jessica van den</subfield><subfield code="0">(RERO)A025936948</subfield><subfield code="4">cre</subfield><subfield code="6">880-01</subfield></datafield><datafield ind1="1" ind2=" " tag="880"><subfield code="a">Bosch, Jessica &lt;&lt;van den&gt;&gt;</subfield><subfield code="0">(DE-588)1060814730</subfield><subfield code="6">100-01</subfield></datafield><datafield ind1="1" ind2="0" tag="245"><subfield code="a">Corporate venturing</subfield><subfield code="b">organizing for innovation</subfield><subfield code="c">Jessica van den Bosch, Geert Duysters</subfield></datafield><datafield ind1=" " ind2="1" tag="264"><subfield code="a">Cheltenham</subfield><subfield code="b">Edward Elgar</subfield><subfield code="c">2014</subfield></datafield><datafield ind1=" " ind2=" " tag="300"><subfield code="a">139 pages</subfield><subfield code="b">illustrations</subfield><subfield code="c">25 cm</subfield></datafield><datafield ind1=" " ind2=" " tag="336"><subfield code="b">txt</subfield><subfield code="2">rdacontent</subfield></datafield><datafield ind1=" " ind2=" " tag="337"><subfield code="b">n</subfield><subfield code="2">rdamedia</subfield></datafield><datafield ind1=" " ind2=" " tag="338"><subfield code="b">nc</subfield><subfield code="2">rdacarrier</subfield></datafield><datafield ind1=" " ind2="7" tag="650"><subfield code="a">Entrepreneurs</subfield><subfield code="0">(IDREF)029335485</subfield><subfield code="2">idref</subfield></datafield><datafield ind1=" " ind2="7" tag="650"><subfield code="a">Innovation</subfield><subfield code="0">(IDREF)027330435</subfield><subfield code="2">idref</subfield></datafield><datafield ind1=" " ind2="7" tag="650"><subfield code="a">Risikokapital</subfield><subfield code="0">(DE-588)4124067-4</subfield><subfield code="2">gnd</subfield></datafield><datafield ind1=" " ind2="7" tag="650"><subfield code="a">Innovationsmanagement</subfield><subfield code="0">(DE-588)4161817-8</subfield><subfield code="2">gnd</subfield></datafield><datafield ind1=" " ind2="7" tag="650"><subfield code="a">Technische Innovation</subfield><subfield code="0">(DE-588)4431027-4</subfield><subfield code="2">gnd</subfield></datafield><datafield ind1=" " ind2="7" tag="650"><subfield code="a">Unternehmen</subfield><subfield code="0">(DE-588)4061963-1</subfield><subfield code="2">gnd</subfield></datafield><datafield ind1=" " ind2="7" tag="650"><subfield code="a">FALLSTUDIEN (DOKUMENTENTYP)</subfield><subfield code="9">ger</subfield><subfield code="0">(ETHUDK)000041890</subfield><subfield code="2">ethudk</subfield></datafield><datafield ind1=" " ind2="7" tag="650"><subfield code="a">JOINT VENTURES + ALLIANZEN (WIRTSCHAFT)</subfield><subfield code="9">ger</subfield><subfield code="0">(ETHUDK)000037983</subfield><subfield code="2">ethudk</subfield></datafield><datafield ind1=" " ind2=" " tag="690"><subfield code="a">Innovation; Prozess; Bosch; Element; Diskussion; Forschung; Aufbauorganisation; Service; Unterricht; Hochschule; Valley; Ausrichtung; Belohnung; Engagement; Erfahrung; Trennung; Ader; Druckindustrie; Gesundheitsversorgung; Kommerzialisierung; chemische Industrie; Dokument; Lab; Teamarbeit; Tochtergesellschaft; Verwaltung; Evolution; Finden; Geburt</subfield><subfield code="2">idssg-J</subfield></datafield><datafield ind1=" " ind2=" " tag="690"><subfield code="a">Topmanagementengagement; Innovationsprojekt; Lebensader; Gateprozess; Schlussfolgerunge; Unternehmensunternehmen; Erstelle; Haupt; Neuanfang</subfield><subfield code="2">idssg-J</subfield></datafield><datafield ind1=" " ind2=" " tag="690"><subfield code="a">physikalische Trennung; bunter Fall; erfolgreicher Ausgang; erster Erfolg; gedruckte Nachricht; gute Praktik; mitwirkendes Vorwort; neue Dynamik; neue Redaktion; neues Unternehmen; nächster Schritt; operatives Element; organisatorische Trennung; praktischer Unterricht; strategisches Ziel; unternehmerisches Talent; vollständiges Haupt; wissenschaftliche Forschung</subfield><subfield code="2">idssg-J</subfield></datafield><datafield ind1=" " ind2=" " tag="690"><subfield code="a">Niederlande C4EUNE; Vereinigte Staaten C1USA; Großbritannien C4EUUK</subfield><subfield code="2">idssg-J</subfield></datafield><datafield ind1=" " ind2=" " tag="690"><subfield code="a">Bosch Tilburg Zentrum; Corporate Ventures; Dokument Services Valley; Eindhoven University of Technology Innovation Lab; Geschäftsbereich Pulp Paper; Haupt Autoren; New Ventures; Psy Health Direct; Reifennext Reinventing; Sanoma Ventures Innovation; Team Mannschaft Team; Unilever Ventures; University of Technology; Universität Tilburg Niederlande Edward Elgar; Universität Tilburg Niederlande Geert Duysters; Victor Gilsing; Viii Corporate Venturing</subfield><subfield code="2">idssg-J</subfield></datafield><datafield ind1="1" ind2=" " tag="700"><subfield code="a">Duysters, Geert</subfield><subfield code="d">1966-....</subfield><subfield code="0">(IDREF)063241749</subfield></datafield><datafield ind1="4" ind2=" " tag="856"><subfield code="3">Titelblatt und Inhaltsverzeichnis</subfield><subfield code="u">https://toc.library.ethz.ch/objects/pdf03/e01_978-1-78347-659-6_01.pdf</subfield><subfield code="q">pdf</subfield></datafield><datafield ind1="4" ind2=" " tag="856"><subfield code="3">Abstract / Autoreninformation</subfield><subfield code="u">https://toc.library.ethz.ch/objects/pdf03/e01_978-1-78347-659-6_02.pdf</subfield><subfield code="q">pdf</subfield></datafield><datafield ind1=" " ind2=" " tag="900"><subfield code="a">REROnoselfmerge</subfield></datafield><datafield ind1=" " ind2=" " tag="910"><subfield code="a">OCoLC</subfield><subfield code="b">20151027</subfield><subfield code="c">Droits réservés</subfield></datafield><datafield ind1=" " ind2=" " tag="949"><subfield code="a">https://toc.library.ethz.ch/objects/pdf03/e01_978-1-78347-659-6_01.pdf</subfield></datafield><datafield ind1=" " ind2=" " tag="949"><subfield code="a">https://toc.library.ethz.ch/objects/pdf03/e01_978-1-78347-659-6_02.pdf</subfield></datafield></record>
</metadata></record>