<record><header><identifier>oai:alma.41SLSP_UGE:991000774039705502</identifier><datestamp>2024-09-21T00:19:19Z</datestamp><setSpec>uge_bcen_RapidILL_BOOK</setSpec><setSpec>uge_aaca_RapidILL_BOOK</setSpec><setSpec>uge_abels_RapidILL_BOOK</setSpec><setSpec>uge_dbu_RapidILL_BOOK</setSpec><setSpec>uge_cmu_RapidILL_BOOK</setSpec><setSpec>uge_mail_RapidILL_BOOK</setSpec><setSpec>uge_abbat_RapidILL_BOOK</setSpec><setSpec>UNIGE_ALL</setSpec><setSpec>uge_acar_RapidILL_BOOK</setSpec><setSpec>uge_aobs_RapidILL_BOOK</setSpec></header><metadata>
<record xmlns="http://www.loc.gov/MARC21/slim" xmlns:xsi="http://www.w3.org/2001/XMLSchema-instance" xsi:schemaLocation="http://www.loc.gov/MARC21/slim http://www.loc.gov/standards/marcxml/schema/MARC21slim.xsd"><leader>01297nam a2200337 c 4500</leader><controlfield tag="001">991000774039705502</controlfield><controlfield tag="005">20240920181130.0</controlfield><controlfield tag="008">201011s1900    it ||||| |||| 00| ||ita d</controlfield><datafield ind1=" " ind2=" " tag="035"><subfield code="a">(swissbib)230822304-41slsp_network</subfield></datafield><datafield ind1=" " ind2=" " tag="035"><subfield code="a">230822304</subfield><subfield code="9">ExL</subfield></datafield><datafield ind1=" " ind2=" " tag="035"><subfield code="a">(RERO)R003111976-41slsp</subfield></datafield><datafield ind1=" " ind2=" " tag="035"><subfield code="a">(IDSBB)004246119DSV01</subfield></datafield><datafield ind1=" " ind2=" " tag="035"><subfield code="a">(EXLNZ-41SLSP_NETWORK)991019017109705501</subfield></datafield><datafield ind1=" " ind2=" " tag="040"><subfield code="a">RERO geulsh</subfield><subfield code="d">CH-ZuSLS</subfield></datafield><datafield ind1=" " ind2="7" tag="072"><subfield code="a">hg</subfield><subfield code="2">rero</subfield></datafield><datafield ind1="0" ind2="0" tag="245"><subfield code="a">Studi eporediesi</subfield><subfield code="c">di B. Vesme... [et al.]</subfield></datafield><datafield ind1=" " ind2="1" tag="264"><subfield code="a">Pinerolo</subfield><subfield code="b">Tipografia Chiantore-Mascarelli</subfield><subfield code="c">1900</subfield></datafield><datafield ind1=" " ind2=" " tag="300"><subfield code="a">VI, 325 p.</subfield><subfield code="c">26 cm</subfield></datafield><datafield ind1=" " ind2=" " tag="336"><subfield code="b">txt</subfield><subfield code="2">rdacontent</subfield></datafield><datafield ind1=" " ind2=" " tag="337"><subfield code="b">n</subfield><subfield code="2">rdamedia</subfield></datafield><datafield ind1=" " ind2=" " tag="338"><subfield code="b">nc</subfield><subfield code="2">rdacarrier</subfield></datafield><datafield ind1="1" ind2=" " tag="490"><subfield code="a">Biblioteca della Società storica subalpina</subfield><subfield code="v">7</subfield></datafield><datafield ind1="0" ind2=" " tag="490"><subfield code="a">Documenti e studi sulla storia d'Ivrea publicati sotto il patronato di S.M. il Re</subfield><subfield code="v">4</subfield></datafield><datafield ind1=" " ind2=" " tag="500"><subfield code="a">Mem. III</subfield></datafield><datafield ind1=" " ind2="7" tag="650"><subfield code="a">410-18e siècle</subfield><subfield code="0">(RERO)A026984222</subfield><subfield code="2">rero</subfield></datafield><datafield ind1=" " ind2="7" tag="650"><subfield code="a">Moyen âge</subfield><subfield code="0">(IDREF)027329917</subfield><subfield code="2">idref</subfield></datafield><datafield ind1=" " ind2="7" tag="651"><subfield code="a">Ivrée (Italie)</subfield><subfield code="0">(RERO)A009999894</subfield><subfield code="2">rero</subfield></datafield><datafield ind1=" " ind2="7" tag="655"><subfield code="a">[Études diverses]</subfield><subfield code="0">(RERO)A022249905</subfield><subfield code="2">rero</subfield></datafield><datafield ind1="1" ind2=" " tag="700"><subfield code="a">Baudi di Vesme, Benedetto</subfield><subfield code="d">1858-1919</subfield><subfield code="0">(IDREF)184241170</subfield></datafield><datafield ind1=" " ind2="0" tag="830"><subfield code="a">Documenti e studi sulla storia d'Ivrea</subfield><subfield code="v">4</subfield><subfield code="w">(IDSBB)004246104DSV01</subfield></datafield><datafield ind1=" " ind2="0" tag="830"><subfield code="a">Biblioteca della Società storica subalpina</subfield><subfield code="v">7</subfield><subfield code="w">(IDSBB)000413590DSV01</subfield></datafield><datafield ind1=" " ind2=" " tag="900"><subfield code="a">REROnoselfmerge</subfield></datafield></record>
</metadata></record>