<record><header><identifier>oai:alma.41SLSP_UGE:991000773769705502</identifier><datestamp>2023-03-01T01:09:55Z</datestamp><setSpec>uge_bcen_RapidILL_BOOK</setSpec><setSpec>uge_aaca_RapidILL_BOOK</setSpec><setSpec>uge_abels_RapidILL_BOOK</setSpec><setSpec>uge_dbu_RapidILL_BOOK</setSpec><setSpec>uge_cmu_RapidILL_BOOK</setSpec><setSpec>uge_mail_RapidILL_BOOK</setSpec><setSpec>UNIGE_ALL</setSpec><setSpec>uge_abbat_RapidILL_BOOK</setSpec><setSpec>uge_aobs_RapidILL_BOOK</setSpec><setSpec>uge_acar_RapidILL_BOOK</setSpec></header><metadata>
<record xmlns="http://www.loc.gov/MARC21/slim" xmlns:xsi="http://www.w3.org/2001/XMLSchema-instance" xsi:schemaLocation="http://www.loc.gov/MARC21/slim http://www.loc.gov/standards/marcxml/schema/MARC21slim.xsd"><leader>01791nam a2200433 c 4500</leader><controlfield tag="001">991000773769705502</controlfield><controlfield tag="005">20201229230529.0</controlfield><controlfield tag="008">201011t19691969fr ||||| |||| 00| ||fre d</controlfield><datafield ind1=" " ind2=" " tag="035"><subfield code="a">(swissbib)217686109-41slsp_network</subfield></datafield><datafield ind1=" " ind2=" " tag="035"><subfield code="a">217686109</subfield><subfield code="9">ExL</subfield></datafield><datafield ind1=" " ind2=" " tag="035"><subfield code="a">(RERO)1297020-41slsp</subfield></datafield><datafield ind1=" " ind2=" " tag="035"><subfield code="a">(NEBIS)000516265EBI01</subfield></datafield><datafield ind1=" " ind2=" " tag="035"><subfield code="a">(IDSBB)002818686DSV01</subfield></datafield><datafield ind1=" " ind2=" " tag="035"><subfield code="a">(EXLNZ-41SLSP_NETWORK)991131471539705501</subfield></datafield><datafield ind1=" " ind2=" " tag="040"><subfield code="a">RERO geussm</subfield><subfield code="d">CH-ZuSLS</subfield></datafield><datafield ind1=" " ind2="7" tag="072"><subfield code="a">ma</subfield><subfield code="2">rero</subfield></datafield><datafield ind1=" " ind2=" " tag="084"><subfield code="a">20</subfield><subfield code="2">msc</subfield></datafield><datafield ind1="1" ind2=" " tag="100"><subfield code="6">880-01</subfield><subfield code="a">Borel, Armand</subfield><subfield code="c">mathématicien</subfield><subfield code="d">1923-2003</subfield><subfield code="0">(IDREF)031616526</subfield><subfield code="4">cre</subfield></datafield><datafield ind1="1" ind2=" " tag="880"><subfield code="a">Borel, Armand</subfield><subfield code="d">1923-2003</subfield><subfield code="0">(DE-588)119089106</subfield><subfield code="6">100-01</subfield></datafield><datafield ind1="1" ind2=" " tag="880"><subfield code="a">Borel, Armand</subfield><subfield code="d">1923-2003</subfield><subfield code="0">(DE-588)119089106</subfield><subfield code="6">100-01</subfield></datafield><datafield ind1="1" ind2="0" tag="245"><subfield code="a">Introduction aux groupes arithmétiques</subfield><subfield code="c">Armand Borel</subfield></datafield><datafield ind1=" " ind2="1" tag="264"><subfield code="a">Paris</subfield><subfield code="b">Hermann</subfield><subfield code="c">[1969]</subfield></datafield><datafield ind1=" " ind2="4" tag="264"><subfield code="c">©1969</subfield></datafield><datafield ind1=" " ind2=" " tag="300"><subfield code="a">124 p.</subfield><subfield code="c">24 cm</subfield></datafield><datafield ind1=" " ind2=" " tag="336"><subfield code="b">txt</subfield><subfield code="2">rdacontent</subfield></datafield><datafield ind1=" " ind2=" " tag="337"><subfield code="b">n</subfield><subfield code="2">rdamedia</subfield></datafield><datafield ind1=" " ind2=" " tag="338"><subfield code="b">nc</subfield><subfield code="2">rdacarrier</subfield></datafield><datafield ind1="1" ind2=" " tag="490"><subfield code="a">Publications de l'Institut de mathématique de l'Univ. de Strasbourg</subfield><subfield code="v">15</subfield></datafield><datafield ind1="1" ind2=" " tag="490"><subfield code="a">Actualités scientifiques et industrielles</subfield><subfield code="v">1341</subfield></datafield><datafield ind1=" " ind2="7" tag="650"><subfield code="a">ARITHMETISCHE GRUPPEN (ALGEBRAISCHE GEOMETRIE)</subfield><subfield code="9">ger</subfield><subfield code="0">(ETHUDK)000012822</subfield><subfield code="2">ethudk</subfield></datafield><datafield ind1=" " ind2="7" tag="650"><subfield code="a">KLASSISCHE GRUPPEN (ALGEBRA)</subfield><subfield code="9">ger</subfield><subfield code="0">(ETHUDK)000048183</subfield><subfield code="2">ethudk</subfield></datafield><datafield ind1=" " ind2="4" tag="650"><subfield code="a">Algebraische Gruppe</subfield></datafield><datafield ind1=" " ind2="4" tag="650"><subfield code="a">Arithmetische Gruppe</subfield></datafield><datafield ind1=" " ind2="4" tag="650"><subfield code="a">Gruppentheorie</subfield></datafield><datafield ind1=" " ind2=" " tag="830"><subfield code="a">Publications de l'Institut de Mathématique de l'Université de Strasbourg</subfield><subfield code="v">15</subfield><subfield code="w">(RERO)0091920-41slsp</subfield></datafield><datafield ind1=" " ind2=" " tag="830"><subfield code="a">Actualités scientifiques et industrielles</subfield><subfield code="v">1341</subfield><subfield code="w">(NEBIS)000058409EBI01</subfield></datafield><datafield ind1=" " ind2=" " tag="830"><subfield code="a">Publications de l'Institut de Mathématique de l'Université de Strasbourg</subfield><subfield code="v">15</subfield><subfield code="w">(NEBIS)000029394EBI01</subfield></datafield><datafield ind1=" " ind2=" " tag="830"><subfield code="a">Actualités scientifiques et industrielles</subfield><subfield code="p">Hermann</subfield><subfield code="v">1341</subfield><subfield code="w">(RERO)0008841-41slsp</subfield></datafield><datafield ind1=" " ind2=" " tag="900"><subfield code="a">REROnoselfmerge</subfield></datafield><datafield ind1=" " ind2=" " tag="900"><subfield code="f">IDSU2medea</subfield></datafield></record>
</metadata></record>