<record><header><identifier>oai:alma.41SLSP_UGE:991000774389705502</identifier><datestamp>2023-03-29T00:15:38Z</datestamp><setSpec>uge_bcen_RapidILL_BOOK</setSpec><setSpec>uge_aaca_RapidILL_BOOK</setSpec><setSpec>uge_abels_RapidILL_BOOK</setSpec><setSpec>uge_dbu_RapidILL_BOOK</setSpec><setSpec>uge_cmu_RapidILL_BOOK</setSpec><setSpec>uge_mail_RapidILL_BOOK</setSpec><setSpec>uge_abbat_RapidILL_BOOK</setSpec><setSpec>UNIGE_ALL</setSpec><setSpec>uge_aobs_RapidILL_BOOK</setSpec><setSpec>uge_acar_RapidILL_BOOK</setSpec></header><metadata>
<record xmlns="http://www.loc.gov/MARC21/slim" xmlns:xsi="http://www.w3.org/2001/XMLSchema-instance" xsi:schemaLocation="http://www.loc.gov/MARC21/slim http://www.loc.gov/standards/marcxml/schema/MARC21slim.xsd"><leader>01313nam a2200325 c 4500</leader><controlfield tag="001">991000774389705502</controlfield><controlfield tag="005">20230328215359.0</controlfield><controlfield tag="008">050222s1999    fr ||||| |||| 00| ||fre d</controlfield><datafield ind1=" " ind2=" " tag="020"><subfield code="a">2228886203</subfield></datafield><datafield ind1=" " ind2=" " tag="035"><subfield code="a">(swissbib)101612540-41slsp_network</subfield></datafield><datafield ind1=" " ind2=" " tag="035"><subfield code="a">101612540</subfield><subfield code="9">ExL</subfield></datafield><datafield ind1=" " ind2=" " tag="035"><subfield code="a">(RERO)R003795055-41slsp</subfield></datafield><datafield ind1=" " ind2=" " tag="035"><subfield code="a">(EXLNZ-41SLSP_NETWORK)991009911839705501</subfield></datafield><datafield ind1=" " ind2=" " tag="040"><subfield code="a">RERO geufpe</subfield><subfield code="d">CH-ZuSLS</subfield></datafield><datafield ind1=" " ind2="7" tag="072"><subfield code="a">ps</subfield><subfield code="2">rero</subfield></datafield><datafield ind1="1" ind2=" " tag="100"><subfield code="a">Racamier, Paul-Claude</subfield><subfield code="0">(RERO)A003722310</subfield><subfield code="4">cre</subfield></datafield><datafield ind1="1" ind2="0" tag="245"><subfield code="a">&lt;&lt;Le&gt;&gt; psychanalyste sans divan</subfield><subfield code="b">la psychanalyse et les institutions de soins psychiatriques</subfield><subfield code="c">Paul-Claude Racamier ; avec René Diatkine, Serge Lebovici et Philippe Paumelle ; collab. de Paul Bequart et Simona Ferraresi-Taccani</subfield></datafield><datafield ind1=" " ind2=" " tag="250"><subfield code="a">3e éd. revue et augm.</subfield></datafield><datafield ind1=" " ind2="1" tag="264"><subfield code="a">Paris</subfield><subfield code="b">Payot</subfield><subfield code="c">1999</subfield></datafield><datafield ind1=" " ind2=" " tag="300"><subfield code="a">444 p.</subfield><subfield code="c">23 cm</subfield></datafield><datafield ind1=" " ind2=" " tag="336"><subfield code="b">txt</subfield><subfield code="2">rdacontent</subfield></datafield><datafield ind1=" " ind2=" " tag="337"><subfield code="b">n</subfield><subfield code="2">rdamedia</subfield></datafield><datafield ind1=" " ind2=" " tag="338"><subfield code="b">nc</subfield><subfield code="2">rdacarrier</subfield></datafield><datafield ind1="1" ind2=" " tag="490"><subfield code="a">Bibliothèque scientifique Payot</subfield></datafield><datafield ind1=" " ind2="7" tag="650"><subfield code="a">psychiatrie psychanalytique</subfield><subfield code="0">(RERO)A010022544</subfield><subfield code="2">rerovoc</subfield></datafield><datafield ind1=" " ind2="7" tag="650"><subfield code="a">Psychanalyse</subfield><subfield code="0">(IDREF)027241505</subfield><subfield code="2">idref</subfield></datafield><datafield ind1=" " ind2="7" tag="650"><subfield code="a">Psychothérapie institutionnelle</subfield><subfield code="0">(IDREF)027313220</subfield><subfield code="2">idref</subfield></datafield><datafield ind1="1" ind2=" " tag="700"><subfield code="a">Diatkine, René</subfield><subfield code="0">(RERO)A003178428</subfield></datafield><datafield ind1="1" ind2=" " tag="700"><subfield code="a">Béquart, Paul</subfield><subfield code="d">19..-....</subfield><subfield code="0">(IDREF)103143300</subfield></datafield><datafield ind1=" " ind2="0" tag="830"><subfield code="a">Bibliothèque scientifique</subfield><subfield code="p">Payot</subfield><subfield code="w">(RERO)0004589-41slsp</subfield></datafield><datafield ind1=" " ind2=" " tag="900"><subfield code="a">REROnoselfmerge</subfield></datafield></record>
</metadata></record><resumptionToken>1900-01-01@all@UNIGE_ALL@marc21@5986550810005502</resumptionToken></ListRecords></OAI-PMH>